2675 4692
1038 320 1418 390 Praefatio.
2301 334 2358 384 v

99 520 320 608 pterea
397 507 917 607 grammaticam
1000 503 1180 575 hanc
1263 505 1602 577 criticam
1682 501 2074 592 nominavi,
2168 498 2360 597 quod

99 638 349 736 ubique
425 661 668 709 omnes
740 633 866 706 has
916 634 1214 705 rationes
1276 614 1480 704 crisi*
1499 630 1666 704 sana
1707 631 1859 729 jam
1909 656 2021 702 me
2082 654 2358 703 assecu-

101 780 241 840 tum
290 793 443 840 esse
481 766 777 837 inaniter
802 773 1035 861 putem
1053 812 1077 853 ‚
1137 762 1261 835 sed
1290 773 1369 833 ut
1411 763 1595 834 viam
1644 762 1979 859 praeirem
2000 810 2025 853 ‚
2079 758 2220 857 qua
2269 757 2361 829 ad

100 897 370 995 linguae
402 896 865 994 cognitionem
886 893 1222 963 veriorem
1253 894 1476 991 magis
1508 894 1869 992 mag-isque
1893 890 2356 991 perveniatur.

103 1026 327 1097 Multa
366 1025 587 1097 serius
629 1020 1056 1094 emendanda
1107 1031 1177 1093 et
1222 1020 1536 1093 addenda
1583 1032 1809 1092 erunt.
1917 1019 2368 1116 Tantumque

105 1151 334 1243 abest,
418 1162 498 1223 ut
573 1151 678 1223 ill.
752 1149 841 1222 de
898 1149 1249 1249 Sacyum‚
1338 1150 1455 1221 cui
1504 1149 1635 1221 soli
1684 1147 1830 1222 fere
1875 1147 2123 1221 laetius
2172 1145 2369 1246 quod

107 1306 287 1353 nnnc
369 1283 559 1381 viget
623 1280 973 1377 literarum
1049 1278 1297 1351 harum
1368 1279 1672 1353 studium
1724 1277 2051 1370 debetur,
2137 1277 2368 1348 virum

107 1436 241 1482 non
302 1409 395 1481 ob
456 1409 811 1483 doctrinae
875 1420 1142 1482 tantum
1210 1411 1478 1506 copiam
1542 1408 1666 1481 sed
1710 1406 1801 1479 ob
1852 1407 2061 1480 animi
2113 1405 2368 1479 eando—
2412 1425 2418 1430 ·

108 1564 247 1610 rem
321 1540 665 1637 insignem
744 1537 913 1610 mihi
979 1564 1412 1636 summopere
1476 1536 1945 1609 venerandum
1959 1587 1983 1630 ‚
2059 1537 2372 1609 inutilem

108 1666 177 1736 in
224 1665 671 1764 grammatica
731 1667 853 1738 sua
873 1717 897 1758 ‚
978 1692 1157 1764 quae
1208 1666 1528 1739 omnibus
1578 1665 1924 1763 prioribus
1971 1664 2190 1736 multo
2243 1664 2376 1737 fuit

112 1793 383 1885 melior,
470 1820 753 1893 operam
814 1820 1101 1867 navasse
1164 1806 1401 1892 putem
1420 1843 1444 1886 ‚
1527 1804 1606 1865 ut
1669 1817 1820 1864 eam
1853 1817 1999 1890 pro
2044 1793 2373 1889 temporis
2463 1836 2470 1843 -

114 1948 246 2018 quo
316 1923 499 1996 edita
568 1934 674 1996 est
729 1924 1111 1998 rationibus
1164 1925 1513 2025 egregiam
1564 1920 1777 1994 fuisse
1826 1932 1895 1994 et
1938 1922 2221 1993 maximi
2271 1920 2374 1992 fa-

118 2051 420 2124 ciendam
466 2052 771 2124 credam.
1931 2076 1948 2097 ³

309 2320 760 2423 Appendices
837 2350 998 2397 cum
1070 2322 1403 2396 addendis
1476 2332 1547 2395 et
1609 2322 2033 2423 corrigendis
2102 2324 2175 2395 in
2241 2323 2380 2396 fine

112 2455 369 2549 positos
408 2464 488 2525 ut
530 2453 823 2527 lectores
871 2479 1032 2526 cum
1073 2479 1280 2551 opere
1325 2452 1687 2552 diligenter
1732 2452 2089 2526 conferant
2140 2455 2372 2551 cupio.

112 2582 292 2655 Post
354 2583 721 2680 impressas
793 2583 976 2655 enim
1038 2583 1375 2682 plurimas
1453 2584 1742 2681 paginas
1816 2582 1903 2654 de
1966 2581 2382 2681 quibusdam

113 2710 617 2783 difficilioribus
707 2711 952 2783 melius
1026 2710 1197 2782 mihi
1275 2713 1623 2804 constitit,
1722 2711 2075 2811 librosque
2136 2724 2384 2785 nactus

109 2865 263 2910 sum
359 2837 695 2937 quosdam
792 2840 1100 2913 instituto
1185 2865 1342 2912 meo
1416 2839 1747 2913 utiliores.
1911 2841 2001 2913 In
2081 2839 2191 2913 his
2274 2852 2381 2914 est

111 2966 635 3040 Lumsdenii
684 2994 861 3065 opus
912 2964 1022 3069 ¹),
1080 2971 1476 3043 amicissimi
1525 2970 1965 3070 Rodigeri
2011 2969 2370 3063 Halensis‚

114 3099 239 3169 viri
291 3100 368 3168 in
436 3096 550 3169 his
608 3098 823 3169 literis
887 3084 1333 3171 {ersatissimi
1357 3149 1381 3192 9
1476 3098 1644 3171 cura
1710 3097 2044 3172 benevola
2105 3124 2377 3171 mecum

116 3227 722 3299 communicatum.
872 3224 951 3298 Is
1028 3225 1206 3298 liber
1283 3252 1680 3325 quanquam
1753 3229 1987 3300 naevis
2061 3227 2378 3325 pluribus

111 3354 405 3427 refertus
421 3404 444 3445 ,
525 3364 891 3453 systemata
955 3365 1026 3428 et
1088 3356 1448 3453 opiniones
1513 3352 1834 3428 Arabum
1898 3359 2378 3457 grammatico·

113 3510 269 3555 rum
322 3483 576 3581 insigni
633 3482 984 3582 diligentia
1032 3483 1361 3557 describit
1377 3534 1401 3577 ‚
1456 3494 1535 3557 ut
1573 3487 1634 3557 si
1672 3488 1831 3584 quis
1874 3513 1958 3560 eo
2006 3486 2382 3587 prudenter

20 3628 23 3637 '
117 3616 213 3687 uti
262 3615 440 3688 sciat
454 3665 479 3707 ‚
548 3611 845 3686 multum
905 3613 1068 3688 inde
1117 3611 1556 3687 emolumenti
1606 3613 1969 3690 redundet.

20 3966 21 4019 ἰ

20 4024 23 4043 Ἢ
233 4064 303 4131 1)
342 4064 389 4115 Α
439 4077 695 4131 grammar
730 4064 805 4116 of
844 4062 932 4117 the
980 4064 1170 4118 Arabio
1222 4063 1509 4136 Language
1543 4096 1615 4109 ·-
1662 4068 1890 4123 selected
1926 4068 2059 4122 from
2092 4067 2181 4122 the
2215 4070 2385 4122 work·

349 4162 419 4215 os
456 4163 543 4216 the
590 4170 727 4216 most
779 4165 1006 4218 eminent
1038 4166 1408 4232 grammat-iens
1444 4194 1545 4219 --.
1618 4168 1840 4220 Volume
1873 4168 2013 4220 firstz
2069 4167 2386 4235 comprisiug

349 4259 441 4312 the
471 4268 667 4328 system
700 4261 761 4315 of
787 4262 1048 4315 inflexion.
1120 4262 1203 4328 By
1239 4264 1315 4316 M.
1353 4262 1631 4316 Lumsden.
1696 4264 1934 4318 Caicum
1969 4269 2126 4319 1813.
2169 4264 2298 4319 xlx
2334 4271 2388 4318 et

356 4362 464 4412 ⁷05
498 4377 587 4429 pp.
625 4362 676 4415 iu
709 4360 798 4415 tol.
870 4359 1153 4430 Exemplar
1186 4359 1300 4427 ejus
1333 4363 1387 4414 in
1423 4358 1734 4416 bibliotheca
1769 4362 1984 4417 Halemi
2026 4370 2123 4416 eut.
