2675 4692
704 207 820 278 De
875 212 1251 306 participio
1304 223 1379 280 et
1427 208 1801 282 infinitivo,
2238 226 2382 296 131

107 409 354 455 summa
386 387 562 454 *haec
606 391 812 472 vaiet,
872 391 1273 482 participium
1318 404 1390 478 ut
1427 393 1797 462 infinitivum
1854 393 2031 460 verbi
2084 396 2181 461 sui
2228 396 2385 464 finiti

103 501 463 590 juncturam
506 503 722 593 sequi,
766 505 850 571 ab
888 507 1093 593 eaque
1139 517 1342 573 totum
1384 506 1686 596 pendere.
1774 506 1984 595 Igitur
2028 507 2082 573 si
2119 509 2385 575 verbum

105 616 560 706 praepositioni
600 616 935 707 jungitur,
999 619 1397 709 participium
1457 619 1729 690 eandem
1771 619 1891 687 sibi
1933 621 2249 702 annectit,
2316 634 2387 689 ut

102 742 142 779 9
228 760 253 775 e
316 747 401 778 Oe
462 746 538 778 U,
604 761 658 776 σο
701 744 908 779 ‚So-'3

91 793 254 906 55⁴2&
287 814 419 873 effi*-
457 787 527 905 ,ᾗ
569 797 660 897 ῥε
714 792 807 859 &m
862 791 943 939 ῥεῖ
997 817 1183 871 certe
1213 804 1385 870 deus
1418 802 1503 869 de
1534 804 1703 870 omni
1744 825 1818 870 re
1853 816 2083 894 potens
2125 817 2227 875 est
2264 808 2303 873 i.
2326 831 2381 874 e.

98 985 305 1028 omne
362 962 629 1054 efficere
677 974 947 1053 potest,
1015 964 1125 1030 ubi
1179 964 1583 1054 participium
1639 964 2098 1032 intransitivum
2142 964 2379 1032 habes·

789 1089 916 1126 ,aab
977 1106 1002 1121 ο

103 1133 366 1230 052-20
418 1090 518 1213 [Ξ
579 1135 748 1222 ,μᾶ-ε
790 1137 884 1204 &W
939 1134 1017 1203 k..
1069 1173 1205 1215 non
1249 1148 1565 1237 negligit
1604 1149 1775 1214 deus
1836 1150 1914 1216 id
1969 1151 2154 1239 quod
2181 1149 2381 1236 faci-

98 1305 238 1382 tis,
283 1306 366 1373 cf.
408 1304 493 1375 de
546 1352 645 1423 ω,
691 1332 838 1377 cum
877 1328 997 1410 345
1037 1305 1103 1398 §.
1131 1309 1280 1377 579.
1360 1386 1370 1396 ,

157 1595 178 1604 ,,
278 1527 416 1595 Sed
477 1527 534 1597 si
590 1531 854 1599 verbum
896 1529 1183 1620 proxime
1224 1550 1373 1596 cum
1417 1529 1673 1620 objecto
1719 1531 2145 1613 construitur,
2212 1532 2383 1601 duae
2419 1552 2525 1602 642

88 1641 443 1731 juncturae
501 1643 605 1710 hic
660 1644 954 1711 obtinere
1006 1654 1289 1732 possunt.
1395 1642 1766 1710 Proximum
1824 1643 2081 1733 quidem
2124 1668 2163 1712 e
2207 1648 2386 1712 verbi

99 1758 427 1823 structura
470 1757 575 1823 hic
618 1769 751 1840 est,
796 1756 1226 1824 accusativum
1247 1806 1266 1835 ‚
1301 1756 1417 1843 ⁸qui
1460 1758 1656 1822 verbo
1699 1758 2066 1847 subjicitur,
2109 1759 2386 1828 eundem

100 1869 437 1958 participio
496 1851 930 1960 subjungam
998 1869 1113 1937 sed
1174 1891 1321 1935 cum
1382 1869 1703 1934 nominum
1755 1869 2058 1959 junctura
2100 1873 2389 1961 proxima

106 2003 229 2071 per
271 1995 510 2050 statum
550 1998 786 2052 constr.
827 1986 973 2065 fiat,
1033 2005 1202 2071 quae
1226 1982 1532 2073 junctura
1574 2005 1691 2071 per
1735 2006 1807 2048 se
1849 1985 2192 2053 accusativi
2241 2009 2387 2053 cum

102 2096 318 2164 verbis
350 2097 697 2187 juncturae
742 2118 1002 2185 prorsus
1045 2094 1428 2184 respondet,
1471 2094 1871 2184 participium
1914 2097 2107 2164 etiam
2146 2097 2390 2186 ubique

101 2229 227 2299 pro
274 2211 639 2277 accusativo
680 2210 1002 2276 nominum
1050 2219 1411 2276 ceterorum
1457 2230 1638 2274 more
1681 2220 1918 2275 statum
1949 2219 2387 2278 constructum

101 2324 323 2391 subire
366 2334 616 2413 potest3
658 2324 741 2390 cf.
781 2321 846 2413 §.
876 2325 1024 2390 525.
1111 2322 1345 2410 Neque
1383 2321 1448 2386 in
1489 2332 1691 2389 status
1728 2322 2075 2389 constructi
2089 2322 2395 2414 junctura

101 2435 285 2527 apud
341 2438 587 2503 Arabes
646 2436 877 2512 refert,
947 2446 1159 2503 utrum
1231 2435 1632 2523 participium
1693 2434 1872 2500 verbi
1925 2433 2073 2501 loco
2133 2436 2215 2504 sit
2270 2453 2394 2505 nec

99 2574 190 2617 ne
241 2550 343 2636 1);
427 2572 575 2617 nam
632 2573 712 2616 ex
758 2552 1028 2638 utraque
1069 2549 1318 2615 ratione
1363 2548 1758 2638 participium
1812 2548 1951 2616 fere
1994 2550 2232 2652 aliique
2282 2574 2392 2617 ae-

103 2685 240 2751 quo
297 2663 450 2752 jure
507 2672 619 2730 aut
674 2661 1040 2729 accusativo
1108 2671 1220 2727 aut
1275 2662 1557 2748 genitivo
1615 2660 2025 2751 adjungitur,
2090 2674 2163 2732 ut
2220 2664 2394 2753 apud

100 2787 334 2867 poetas
376 2776 702 2844 arbitrium
747 2796 945 2862 saepe
986 2796 1026 2840 e
1070 2773 1254 2840 metri
1295 2774 1548 2866 ratione
1588 2778 1735 2863 apta
1775 2775 2076 2863 pendeat.
2189 2779 2389 2844 Geni-

71 2885 217 2958 'tivi
283 2900 502 2956 tamen
561 2898 886 2956 structura
944 2886 1199 2952 brevior
1251 2886 1317 2951 in
1371 2887 1735 2953 universum
1810 2890 2025 2976 potior
2096 2891 2391 2959 habetur.

99 3002 373 3070 Interim
417 2999 760 3069 accusativi
791 2999 1129 3089 junctura,
1188 3022 1335 3066 cum
1380 3022 1497 3087 per
1534 3024 1608 3066 se
1661 3000 1857 3066 laxior
1899 3003 2017 3079 sit,
2090 3003 2392 3091 frequen-

99 3116 235 3184 tior
276 3125 345 3182 et
377 3113 600 3182 melior
644 3122 783 3195 est,
840 3112 893 3178 si
934 3113 1333 3202 participium
1376 3114 1439 3179 in
1486 3112 1858 3201 praedicato
1902 3137 2050 3181 cum
2094 3136 2161 3187 «τ’
2200 3138 2390 3204 prae-

103 3300 425 3393 positione
470 3298 535 3391 §.
573 3300 705 3368 583
741 3297 1072 3367 indefinite
1118 3295 1415 3387 ponitur,
1457 3312 1530 3367 ut
1588 3240 1906 3398 ρ-ξ-ὼῠ
1941 3285 2113 3398 &KR-,v
2143 3288 2267 3352 ⁴223!
2319 3259 2390 3356 t]-

103 3483 248 3524 non
293 3471 374 3523 tu.
424 3479 495 3523 es
535 3456 659 3545 qui
700 3456 1014 3546 sequaris
1055 3477 1292 3520 eorum
1343 3456 1641 3536 kiblam3
1688 3468 1754 3524 et
1793 3452 2109 3536 similiter,
2156 3458 2209 3526 si
2247 3480 2395 3549 par-

101 3570 394 3661 ticipium
450 3579 597 3658 post
653 3569 1156 3659 interjectionem
1197 3581 1245 3677 [3.
1291 3570 1356 3661 §-
1397 3572 1527 3638 640
1585 3570 1875 3637 absolute
1938 3569 2150 3657 potius
2214 3573 2395 3661 poni-

105 3770 248 3833 tur,
289 3766 366 3822 ut
408 3705 570 3833 ii:-
612 3703 779 3854 igino
811 3741 861 3838 [ἦ
903 3778 942 3819 o
979 3777 1143 3824 eam
1186 3752 1309 3840 qai
1351 3750 1719 3816 adscendit
1755 3760 2109 3821 montem!
2148 3757 2397 3824 Contra

105 3913 376 4004 genitivi
413 3913 717 4003 junctura
759 3912 1159 4000 praefertur,
1216 3909 1270 3976 si
1320 3908 1717 3996 participium
1763 3911 1847 3976 ob
1894 3913 2233 3979 verborum
2277 3936 2399 3980 ne-

235 4135 299 4202 1)
339 4133 494 4202 Apud
539 4133 814 4188 Hebraeos
858 4135 911 4187 id
950 4135 1226 4188 discrimen
1268 4135 1427 4201 paulo
1470 4135 1587 4202 pius
1626 4137 1780 4188 valet.
1867 4134 1978 4188 Sed
2014 4135 2222 4188 omniuo
2260 4137 2399 4205 apud

343 4247 437 4283 eos
476 4233 801 4302 participium
835 4234 890 4284 in
923 4231 1023 4285 hoc
1057 4247 1153 4285 usu
1199 4232 1266 4285 ad
1306 4234 1465 4286 verba
1510 4234 1722 4301 propius
1757 4232 1976 4286 aceedit.

1747 4329 1858 4393 9.
