2675 4692
736 286 744 295 ’
829 298 1226 369 Nominum
1279 300 1554 395 stirpes.
2179 314 2326 402 139

94 477 381 566 signantes
448 479 718 545 maxime
776 480 1054 567 possunt‘
1110 502 1256 547 esse
1318 481 1529 548 variae
1571 483 1736 551 sicut
1784 485 1845 549 in
1891 487 2062 552 verbi
2106 488 2324 556 formis

91 589 139 679 §.
165 594 277 659 169
294 617 429 682 sq.;
465 606 810 682 potestque
850 594 931 682 2)
963 594 1311 660 formarum
1348 595 1537 661 etiam
1559 597 2025 683 geminatarum
2048 600 2150 667 hie
2173 603 2325 669 oriri

15 718 18 765 :
89 705 220 772 intra
271 706 483 797 ipsam
540 707 824 773 radicem
880 707 1148 775 varietas
1204 729 1460 795 magna.
1560 708 1640 798 3)
1688 709 1921 778 deinde
1975 727 2323 801 augmenta

87 819 278 888 radicis
341 834 411 893 et
472 821 646 888 initio
706 832 774 887 et
810 821 918 885 fini
961 818 1276 887 accedere
1318 834 1587 910 possunt
1626 836 1919 907 externa,
1996 824 2166 894 unde
2208 852 2321 894 no-

85 933 220 999 mina
293 933 626 1000 derivata
695 934 985 1001 oriuntur
1062 934 1272 1017 varia3
1386 937 1613 1025 quibus
1688 938 1984 1007 derivatis
2051 939 2326 1031 denique

85 1044 145 1131 4)
179 1045 424 1114 accedit
488 1047 905 1113 diminutivi
963 1046 1169 1114 forma
1235 1071 1403 1138 quae
1460 1074 1541 1118 ex
1604 1052 1894 1120 omnibus
1963 1055 2141 1120 nasci
2182 1067 2325 1144 pot-

86 1172 161 1226 ost
208 1161 598 1241 nominibus,
619 1228 638 1249 ‚
683 1161 990 1228 vocalium
1058 1162 1390 1230 mutationi
1449 1177 1899 1254 superstructa.
2026 1167 2107 1255 5)
2167 1168 2328 1235 aliae
2444 1240 2459 1257 ο

87 1272 291 1340 formae
345 1276 709 1342 nominibus
772 1273 1165 1343 destinantur
1220 1277 1304 1344 ad
1362 1280 1537 1346 verbi
1580 1282 1808 1370 stirpes
1855 1280 2136 1371 proxime
2178 1306 2324 1371 per-

85 1386 384 1455 tinentibus
431 1411 514 1454 ex
557 1388 764 1477 iisque
803 1388 1264 1478 prodeuntibus
1308 1390 1743 1480 (nominibus
1784 1394 2271 1481 verbalibus).·

216 1597 286 1663 In
338 1600 815 1686 significatione
871 1613 1083 1671 autem
1129 1601 1449 1668 nominum
1501 1599 1631 1666 duo
1674 1611 1918 1669 tantum
1961 1601 2080 1668 sibi
2124 1626 2323 1692 oppo-
2344 1629 2454 1680 237

15 1718 18 1801 {f
82 1709 205 1777 sita:
257 1735 500 1780 nomen
560 1726 674 1782 aut
730 1738 865 1782 rem
919 1717 1157 1804 ipsam,
1216 1739 1331 1782 seu
1377 1716 1570 1781 visam
1610 1737 1725 1781 seu
1775 1714 2155 1803 cogitatam,
2214 1739 2322 1783 ex-

81 1823 288 1910 primit,
353 1839 477 1894 aut
533 1851 869 1917 personam
921 1830 1056 1917 (vel
1111 1830 1284 1915 rem)
1342 1828 1445 1896 cui
1506 1827 1608 1894 illa
1664 1828 1991 1896 inhaereat
2052 1830 2323 1918 (nomen

83 1936 249 2020 reale;
289 1942 692 2030 personale).
775 1944 1051 2011 Nomina
1088 1943 1351 2039 propria
1393 1965 1471 2008 ex
1516 1941 1819 2010 alterutro
1849 1955 1995 2011 sunt
2021 1942 2322 2012 deducta.

83 2049 296 2120 Nomen
356 2056 460 2122 rei
518 2055 1054 2144 (substantivum)
1107 2055 1633 2146 simplicissimum
1672 2056 1944 2144 primum
1986 2055 2086 2145 (ἕ.
2122 2057 2325 2146 239);

85 2166 331 2234 oiiuntur
397 2168 711 2258 deinceps
771 2170 1016 2237 formae
1072 2161 1396 2240 abstracto
1456 2171 1752 2260 propriae
1772 2219 1790 2249 ,
1867 2180 1978 2236 aut
2017 2170 2326 2237 vocalium

83 2282 576 2364 pronunciatione
617 2305 698 2349 ex
725 2285 1013 2371 passivo
1057 2288 1264 2353 sumta
1306 2284 1420 2373 (ut
1459 2284 1778 2349 dimissio
1816 2306 1895 2349 ex
1933 2282 2326 2369 dimissus),

85 2404 167 2460 aut
203 2395 342 2464 fem.
399 2398 851 2467 terminatione
907 2399 1094 2486 (nam
1143 2399 1333 2465 soem.
1376 2399 1845 2467 abstractorum
1891 2409 1990 2467 est
2029 2394 2094 2486 ἓ.
2124 2399 2328 2482 296);

84 2518 255 2592 potest
304 2522 374 2579 et
425 2522 775 2600 utrumque
819 2510 1140 2602 conjungi.
1223 2512 1558 2579 Personae
1600 2532 1829 2576 nomen
1873 2508 2327 2600 (adjectivum)

15 2692 18 2699 ‚
84 2621 314 2706 primum
375 2625 958 2714 simplicissimum,
1026 2625 1172 2691 dein
1253 2625 1482 2716 passivi
1549 2636 1615 2691 et
1673 2623 1859 2691 activi
1918 2622 2328 2706 discriminis3

85 2747 364 2820 postremo
451 2738 762 2827 adjectiva
837 2739 1264 2828 comparativa
1322 2751 1388 2807 et
1458 2736 1732 2807 relativa.
1857 2735 2143 2803 Formae
2198 2760 2325 2825 quo

88 2850 444 2939 antiquiores
490 2865 554 2920 et
598 2852 960 2934 breviores,
1007 2876 1087 2918 eo
1127 2853 1365 2921 latioris
1411 2849 1922 2941 significationis,
1967 2872 2327 2938 quanquam
2378 2932 2395 2947 ,

15 2988 18 3019 ι
83 2958 304 3050 liuguae
360 2968 453 3034 ab
493 2966 669 3035 initio
711 2967 921 3034 statim
963 2987 1195 3034 nomen
1233 2966 1328 3032 rei
1372 2989 1411 3032 a
1454 2964 1707 3030 nornine
1751 2985 2073 3063 personae
2109 2962 2326 3033 distin-

87 3094 252 3160 guere
294 3081 523 3147 annisa
565 3092 681 3149 est.

212 3324 262 3391 1.
309 3325 589 3413 Scit-pes
631 3322 983 3413 simplices
1005 3371 1025 3398 ,
1067 3324 1198 3391 sola
1237 3323 1548 3391 vocalium
1591 3316 1755 3388 intra
1794 3318 2082 3385 radicem
2123 3320 2326 3385 varie-
2347 3348 2462 3398 233

93 3442 189 3503 tate
225 3444 399 3507 certa
444 3449 625 3506 ortae
669 3449 736 3533 et
775 3438 1141 3519 distinctae,
1208 3439 1419 3527 stirpis
1462 3436 1800 3502 verborum
1840 3433 2086 3521 primae
2125 3432 2324 3500 varia-

93 3548 318 3620 tionibus
381 3551 488 3643 (§.
522 3554 682 3641 169)
738 3553 1038 3620 similibus
1094 3550 1287 3619 multo
1331 3560 1480 3618 sunt
1524 3549 1733 3638 plures
1777 3557 1844 3614 et
1883 3545 2325 3615 distinctiores.

97 3658 200 3729 Has
236 3665 401 3734 inter

222 3882 274 3947 1.
319 3872 534 3949 forma'
567 3882 837 3972 primam
877 3882 1223 3951 radicalem
1262 3878 1464 3947 vocali
1523 3878 1797 3946 efferens
1858 3879 2057 3946 solam
2123 3857 2327 3959 (μ’,
2348 3895 2460 3943 239

100 3990 150 4028 ⁵⁸
251 3999 318 4035 9ο
367 3999 392 4031 >

98 4045 206 4133 333
254 4010 401 4148 323)
447 4062 904 4151 simplicissima
949 4074 1050 4131 est
1090 4074 1156 4130 et
1182 4057 1586 4137 brevissima,
1646 4079 1813 4145 qnae
1857 4053 2057 4121 radici
2098 4056 2326 4119 nomi-

103 4215 182 4277 nis
216 4228 447 4290 tannim
481 4222 746 4290 sormam
793 4236 858 4293 et
899 4194 1223 4293 notionem
1267 4245 1306 4288 a
1347 4221 1542 4286 verbo
1589 4206 1703 4289 313
1774 4214 2083 4282 diversam
2151 4212 2323 4281 indit.

101 4324 231 4397 Hinc
285 4335 757 4423 significationis
823 4350 920 4408 est
970 4340 1344 4417 latissimae3
1415 4331 1530 4400 sed
1574 4333 1658 4396 ob
1704 4329 1938 4396 formas
1982 4336 2320 4414 sequentes
