2675 4692
275 147 375 253 36
886 142 1000 212 De
1058 143 1349 236 objecto
1403 152 1475 211 et
1530 142 1958 214 accusativo.

2154 347 2189 373 ,³
2264 354 2289 369 ‚
2383 354 2407 369 .

279 425 550 493 regem,
627 400 717 467 ita
772 400 836 467 in
877 394 1127 488 passivo
1167 418 1317 463 cum
1359 398 1729 466 accusativo
1767 410 2066 469 manente
2109 374 2295 453 UL-
2361 389 2581 500 354

1000 546 1226 578 οοοοο

265 609 515 698 jactus
580 618 686 675 est
750 627 908 684 rex,
979 588 1170 663 laus
1206 612 1312 706 ...ξῇ
1369 602 1507 691 (vel
1554 603 1720 708 βω)
1760 618 2049 673 vocatas
2091 617 2196 672 est
2240 603 2588 672 Multam-

276 741 437 808 med
470 741 572 830 1);
635 736 813 829 quod
871 737 1037 804 enim
1095 737 1161 804 in
1218 737 1316 804 his
1377 737 1592 805 Latini
1655 738 2111 807 nominativum
2151 750 2433 827 ponunt,
2501 759 2584 803 ex

279 855 661 925 attractione
721 851 965 919 scilicet
1018 850 1113 919 ad·
1169 850 1623 919 nominativum
1683 851 1953 944 subjecti
2012 851 2273 941 linguae
2315 851 2585 918 concin-

278 970 461 1036 niore
523 968 653 1035 visa
674 1017 693 1049 ‚
760 964 829 1034 id
880 963 1137 1031 minime
1191 966 1476 1053 probare
1529 975 1750 1054 potest
1770 1016 1791 1047 ‚
1856 967 2180 1034 arabicam
2229 963 2583 1033 dictionem

279 1107 426 1152 esse
491 1082 760 1162 malam,
827 1100 974 1147 cum
1016 1077 1245 1169 potius
1291 1078 1526 1166 origini
1568 1091 1636 1150 et
1677 1080 2016 1170 analogiae
2058 1080 2299 1171 optime
2341 1101 2580 1145 conve·

275 1200 424 1266 niat.
548 1193 817 1263 Accedit
875 1191 1053 1282 quod
1110 1191 1407 1259 universa
1458 1195 1759 1262 arabismi
1817 1196 2065 1263 indoles
2119 1194 2272 1260 huic
2316 1191 2474 1261 favit
2512 1189 2579 1281 §.

276 1314 427 1381 5⁰1·
470 1348 554 1361 “·“·
627 1308 840 1397 Igitur
880 1307 933 1374 δί
979 1306 1148 1373 fssrte
1188 1307 1456 1375 verbum
1499 1307 1776 1377 activum
1819 1309 2046 1400 triplex
2085 1306 2411 1401 objectum
2457 1305 2581 1373 sibi

277 1499 676 1590 subjungere
735 1507 984 1587 potest,
1052 1495 1119 1561 in
1174 1496 1429 1586 passivo
1487 1495 1724 1588 duplex
1779 1509 2030 1580 manet,
2100 1509 2174 1567 ut
2216 1438 2348 1592 ’,ἴ-(ἕ
2394 1437 2582 1598 ἑαςέ

276 1641 435 1795 ζῇ.
472 1655 633 1793 {fisi-2
691 1705 949 1770 certior
1008 1700 1267 1788 sactus
1343 1725 1500 1767 sum
1549 1698 1875 1772 ‘Amrum
1937 1703 2182 1796 figere
2259 1705 2578 1796 (proprie

254 1796 611 1929 figentem
653 1834 836 1919 esse)
878 1843 1094 1923 caput
1136 1857 1345 1899 saum
1387 1835 1581 1902 Ham.
1626 1859 1691 1926 p.
1721 1836 1828 1904 63.

141 2017 247 2068 547
448 1995 756 2063 Ceterum
816 1990 923 2058 hic
992 1989 1142 2059 data
1199 1991 1544 2060 occasione
1603 1993 1688 2060 de
1743 1995 2006 2085 passivis
2048 2017 2261 2085 pauca
2306 1985 2574 2061 monea-

277 2132 437 2177 mus.
564 2108 718 2176 Non
780 2129 975 2196 posse
1029 2107 1349 2196 passivum
1412 2108 1752 2197 personale
1808 2107 2075 2178 formari
2129 2109 2248 2177 nisi
2304 2109 2575 2177 verbum

277 2224 552 2294 activum
606 2222 934 2312 objectum
988 2221 1350 2311 proximum
1411 2221 1620 2304 ferat,
1682 2244 1801 2313 per
1844 2246 1918 2291 se
1959 2233 2158 2315 patet.
2258 2222 2481 2312 Igitur
2522 2223 2572 2290 si

277 2339 542 2405 verbum
598 2336 924 2426 objectum
980 2334 1498 2425 praepositionis·
1530 2358 1656 2425 ope
1708 2337 1828 2404 sibi
1890 2338 2177 2428 subjicit,
2249 2339 2573 2427 passivum

274 2450 617 2542 personale
657 2473 789 2517 non
831 2447 1041 2517 datur.
1144 2449 1317 2517 Cum
1360 2461 1573 2517 tamen
1616 2451 1973 2520 arabismus
2018 2453 2275 2520 brevem
2323 2464 2391 2519 et
2426 2474 2571 2519 suc-

276 2566 555 2634 cinctam
612 2563 845 2655 passivi
911 2563 1459 2631 constructionem
1525 2563 1873 2633 admodum
1932 2578 2144 2648 amet,
2199 2565 2571 2656 saepissime

276 2682 541 2747 verbum
598 2676 1055 2769 praepositioni
1100 2676 1405 2766 junctum
1462 2677 1552 2744 ita
1609 2679 1675 2746 in
1718 2680 2037 2769 passivum
2078 2681 2252 2762 abit,
2311 2691 2383 2748 ut
2420 2678 2565 2746 nihil

273 2795 339 2883 in
395 2791 880 2883 praepositionis
928 2789 1236 2881 junctura
1292 2792 1601 2860 mutando
1657 2795 1977 2884 passivum
2017 2796 2157 2863 sine
2203 2798 2384 2863 certa
2426 2817 2566 2885 per-

277 2912 435 2977 sona
488 2930 605 2977 seu
661 2908 726 2975 in
768 2929 870 2996 sg.
915 2902 1216 2971 neutrius·
1254 2902 1598 2990 formetur,
1664 2907 1864 2976 simile
1905 2906 2104 2979 latino
2153 2920 2568 3000 perventum

277 3107 382 3163 est
419 3121 506 3160 =
547 3106 979 3188 pervenerunt
1035 3097 1254 3164 nescio
1314 3097 1443 3185 qui.
1561 3096 1661 3165 lta
1720 3120 1866 3165 cum
1926 3055 2072 3155 ᾧ
2115 3097 2321 3164 misit
2375 3095 2566 3184 vulgo

278 3234 424 3279 cum
482 3233 704 3301 praep.
743 3233 810 3285 ῳ
843 3234 1162 3302 personae
1204 3209 1458 3280 dicatur
1500 3212 1618 3299 (ex
1659 3209 1726 3301 ς.
1760 3211 1973 3298 585),
2042 3211 2362 3301 passivum
2416 3209 2566 3277 inde

281 3401 545 3469 formari
586 3399 807 3489 nequit
850 3397 968 3465 nisi
1011 3398 1139 3468 hac
1182 3400 1469 3483 ratione,
1540 3411 1611 3468 ut
1666 3410 1737 3501 ³?
1796 3343 1979 3481 gg}
2034 3338 2205 3461 ng&
2252 3399 2405 3466 dux
2449 3400 2564 3489 qui

1381 3548 1560 3582 002⁶
1642 3547 1793 3581 So,

282 3608 648 3687 mittitur-,-
720 3605 1002 3675 similiter
1041 3592 1309 3661 disum
1377 3592 1570 3709 μεθε-
1622 3592 1788 3693 dua-g
1848 3616 1919 3674 ut
1974 3604 2325 3673 Germani·
2405 3628 2564 3672 man

406 3970 470 4037 1)
518 3976 576 4024 at
638 3975 822 4023 contra
879 3906 1131 4028 gis,
1106 3957 1165 4023 ad
1229 3958 1364 4041 Aha
1428 3938 1540 4045 (5¹7
1606 3940 1851 4051 ἾᾯΝζ)
1911 3979 2031 4018 cnm
2087 3962 2408 4018 nominativo
2451 3963 2568 4029 jure

512 4078 858 4133 construitur.
908 4076 1228 4149 appellatur
1273 4072 1656 4143 Muhammed,
1709 4094 1828 4132 cnm
1863 4077 2024 4132 verbo
2061 4067 2120 4132 ad
2167 4067 2302 4149 ,ΒΕ-ο
2349 4074 2570 4141 subjecti

510 4192 639 4245 certi
673 4190 815 4242 notio
853 4205 955 4243 non
989 4191 1151 4255 insit,
1180 4198 1240 4245 ut
1276 4206 1464 4246 nomen
1503 4198 1668 4254 m
1703 4188 1818 4255 eius
1854 4188 2146 4256 subjectum
2182 4186 2363 4241 haberi
2398 4195 2564 4253 queat„

1573 4292 1622 4351 Δ
