2675 4692
282 182 373 234 lv
1156 155 1668 227 Praefatio.

268 310 359 420 'in
394 220 810 441 levioriblis3
867 348 1010 444 qua
1059 342 1299 417 eadem
1333 353 1561 416 mente
1601 341 1798 415 alteri
1841 339 1944 412 illi
1982 339 2268 414 editioni
2308 349 2564 412 tracta·

284 489 431 550 tum
509 475 595 549 de
673 501 749 548 re
838 473 1123 548 metrica
1191 472 1508 572 adjunxit
1587 497 1676 544 ex
1754 468 2036 544 arabico
2114 495 2562 544 conversum.

234 644 245 655 ·
285 606 488 699 Quae
527 604 811 705 quidem
860 604 1089 679 studia
1139 629 1270 705 ego
1317 601 1507 676 ha‘ud
1556 600 1874 701 improbo
1915 626 2047 676 nee
2086 601 2285 699 parvi
2327 599 2565 693 faei03

287 739 348 810 si
391 746 621 809 tamen
667 733 995 809 methodo
1045 732 1151 807 illi
1198 732 1403 805 aliam
1458 733 1718 831 opponi
1762 756 1970 830 posse
2026 720 2176 804 tum
2220 728 2570 804 veriorem

292 875 442 939 tum
483 864 689 939 nobis
734 865 1081 939 utiliorem
1130 860 1515 954 contendo,
1584 864 1649 935 si
1688 863 1873 935 viam
1924 861 2101 935 inire
2146 884 2359 933 ausus
2402 884 2572 933 sum

291 997 519 1095 magia
575 994 855 1094 quidem
900 996 1128 1094 primo
1178 991 1430 1066 obtutu
1486 990 1772 1065 arduam
1792 1041 1819 1086 ‚
1892 1002 1966 1065 at
2027 988 2413 1092 digniorem
2468 1000 2567 1081 et,

263 1122 492 1198 „modo
544 1135 744 1199 caute
801 1123 1204 1198 incedamus
1220 1172 1247 1216 ‚
1333 1123 1652 1198 tutiorem
1711 1120 1920 1195 simul
1977 1145 2062 1194 ae
2133 1119 2563 1195 faciliorem:

285 1252 527 1327 videor
594 1252 767 1326 mihi
814 1279 959 1327 non
1009 1252 1303 1347 alienas»,
1390 1252 1513 1326 sed
1564 1254 1664 1325 rei
1714 1252 1933 1351 ipsius
1980 1251 2280 1325 rationes
2331 1250 2565 1349 aequi.

288 1381 565 1474 Quodsi
629 1385 787 1482 quis
846 1380 1130 1457 brevem
1195 1360 1408 1484 quam
1459 1382 1802 1483 ¹proposui
1851 1391 2228 1455 metrorum
2304 1378 2571 1454 doctri-

288 1535 451 1583 nam
508 1507 685 1584 hene
749 1513 1193 1613 perpenderit
1242 1538 1576 1612 suamque
1639 1511 1884 1586 feeerit
1898 1560 1925 1606 ,
1989 1535 2150 1584 eum
2203 1509 2418 1583 totius
2469 1510 2571 1582 rei

287 1642 613 1715 metricae
680 1644 1075 1741 peritiorem
1134 1642 1286 1725 fore
1332 1642 1536 1723 video
1555 1693 1580 1736 ‚
1637 1667 1850 1740 quam
1894 1643 2019 1741 qui
2068 1641 2220 1713 sine
2264 1639 2565 1730 ratione,

288 1781 371 1844 ut
416 1768 542 1866 fit,
596 1774 859 1872 spissos
906 1774 1150 1874 legerit
1195 1774 1281 1848 de
1322 1773 1403 1848 ea
1450 1799 1528 1846 re
1563 1752 1899 1845 tractatus
1941 1768 2261 1843 arabicos
2312 1766 2570 1841 velex

286 1899 566 1976 arabico
614 1929 1008 1979 conversos.
2201 1910 2212 1933 “·

494 2162 808 2266 Contigit
855 2167 1060 2239 etiam
1104 2165 1239 2239 hoe
1275 2164 1654 2239 novissimo
1701 2142 2056 2265 tempore,
2121 2174 2202 2237 ut
2227 2172 2567 2238 tractatus

288 2290 614 2367 Arabum
641 2292 730 2367 de
760 2295 889 2368 sua
913 2295 1364 2396 grammatica
1391 2308 1461 2370 et
1479 2292 1764 2369 metrica
1779 2294 2020 2395 plures
2038 2301 2189 2365 tum
2199 2286 2564 2365 Caleuttae

220 2462 229 2467 ·
286 2421 664 2520 impressos
709 2433 860 2496 tum
908 2428 1417 2525 manuscriptos
1466 2426 1793 2530 legerem.
1920 2422 2246 2517 Quorum
2282 2420 2565 2523 quidem

286 2550 460 2623 mihi
520 2557 798 2654 egregie
852 2553 1082 2654 placet
1141 2552 1445 2628 brevitas
1500 2565 1704 2628 acuta
1743 2565 1814 2629 et
1858 2554 2138 2627 concisa
2193 2546 2566 2651 rerumque

287 2683 605 2780 gravium
643 2680 968 2777 ubertas'‚
1016 2682 1225 2758 modo
1260 2694 1498 2757 teneas
1532 2711 1654 2760 eos
1691 2686 1993 2783 scriptos
2023 2708 2206 2778 esse,
2253 2694 2334 2756 ut
2364 2684 2416 2756 ii
2446 2681 2564 2781 qui

287 2810 598 2911 linguam
648 2812 805 2913 jam
857 2816 1212 2907 tenerent,
1300 2812 1544 2916 legum
1594 2814 1746 2915 ejus
1799 2810 2166 2914 diligenter
2226 2834 2563 2887 memores

216 2950 229 2965 “
288 2952 547 3015 essent.
614 2936 772 3017 Nec
798 2968 1040 3017 eorum
1071 2970 1276 3015 usum
1306 2954 1479 3044 puto
1503 2944 1654 3019 fieri
1683 2964 1887 3044 posse
1917 2940 2302 3034 meliorem,
2353 2964 2561 3039 quam

290 3081 371 3143 ut
421 3074 662 3170 optimi
711 3100 800 3146 ex
848 3075 933 3145 iis
976 3074 1229 3174 integ-ri
1273 3075 1457 3147 inter
1493 3100 1622 3147 nos
1653 3073 1822 3147 editi
1862 3099 1904 3145 a
1920 3070 2175 3146 doctis
2211 3071 2552 3171 legantur.

244 3199 523 3307 Quam
575 3202 943 3276 editionem
962 3251 988 3297 ‚
1042 3203 1176 3275 nisi
1226 3202 1406 3276 alius
1460 3207 1568 3277 vir
1611 3203 1884 3296 ductim,
1940 3199 2131 3302 quod
2162 3209 2556 3300 pergratum

289 3326 459 3400 mihi
509 3330 900 3425 accideret,
986 3357 1266 3432 operam
1324 3356 1524 3405 auam
1585 3333 2018 3431 interponat,
2105 3330 2256 3433 ipse
2313 3349 2556 3426 parare

293 3460 640 3531 constitui.
768 3460 1004 3535 Sera).
1060 3460 1439 3561 Gottingae
1487 3486 1722 3535 mense
1767 3461 1994 3536 Junio
2032 3453 2272 3531 1835.
