2675 4692
703 927 1896 1043 PRAEFATIO.

367 1506 604 1603 Quam
649 1511 723 1583 in
786 1514 1037 1612 prioris
1086 1516 1457 1590 voluminis
1506 1514 1934 1613 praefatione
1999 1511 2278 1612 linguae
2330 1537 2440 1586 se·

164 1637 374 1710 rioris
423 1648 497 1712 et
543 1638 919 1717 hodiernae
966 1670 1126 1718 cum
1166 1644 1454 1744 antiqua
1505 1642 1784 1717 arabica
1831 1651 2268 1740 comparatae
2319 1640 2440 1714 dea

161 1768 617 1867 scriptionem
658 1776 1108 1873 promiseram
1131 1826 1156 1869 ‚
1212 1801 1368 1849 eam
1423 1785 1776 1848 crescente
1813 1771 2024 1872 hujus
2051 1771 2215 1845 libri
2258 1771 2441 1845 mole

156 1923 357 1970 nunc
424 1926 508 1974 eo
575 1900 853 1975 facilius
921 1906 1168 1998 omisi,
1242 1930 1385 2006 quo
1450 1905 1672 2004 magis
1723 1929 1928 2002 spero
1976 1901 2129 1975 sore
2176 1913 2256 1976 ut
2301 1901 2440 1975 alio

155 2026 323 2103 loco
360 2027 717 2104 defectum
763 2031 955 2106 hunc
1009 2035 1397 2134 suppleam.
1507 2033 1678 2112 Hoc
1726 2035 1913 2121 enim
1962 2033 2037 2105 in
2078 2034 2260 2106 votis
2302 2043 2435 2125 est,

159 2169 246 2230 ut
290 2157 665 2259 aliquando
716 2165 927 2237 totius
969 2164 1369 2266 ling-uarum
1413 2163 1882 2238 semiticarum
1933 2162 2180 2260 stirpis,
2205 2186 2437 2261 gram-

54 2378 63 2389 ·
155 2291 488 2363 maticam
556 2302 627 2366 et
684 2291 1044 2367 historiam
1106 2321 1250 2368 uno
1316 2302 1697 2392 conspectu
1751 2316 2139 2391 proponere
2189 2315 2437 2364 conce-

96 2430 103 2437 “
159 2418 374 2492 datur
389 2468 416 2513 ‚
496 2448 640 2522 quo
699 2448 939 2496 omnes
991 2423 1269 2498 dialecti
1320 2447 1697 2521 earumque
1746 2424 1978 2495 variae
2024 2447 2064 2496 e
2108 2421 2438 2519 temporis

158 2548 551 2623 rationibus
613 2550 876 2626 formae
941 2554 1181 2628 mutua
1242 2555 1401 2628 luce
1465 2551 1984 2627 collustrentur.
2108 2549 2435 2625 Ceterum

160 2704 331 2751 cnm
379 2678 470 2752 ad
517 2678 735 2755 libros
784 2665 1266 2782 intelligendos
1318 2684 1646 2783 antiquae
1673 2680 1952 2782 ling-uae
1987 2681 2437 2780 grammatica

161 2807 491 2885 sufficere
529 2809 879 2884 videretur
895 2863 919 2905 ‚
977 2838 1109 2885 nec
1160 2814 1284 2912 qui
1333 2823 1494 2886 ante
1532 2839 1644 2887 me
1693 2837 1869 2910 opus
1905 2812 2436 2911 grammaticum

163 2937 663 3034 condiderunt,
766 2940 851 3015 de
931 2944 1209 3017 serioris
1280 2944 1562 3043 linguae
1635 2940 2100 3039 descriptione
2176 2938 2435 3039 cogita·

160 3081 441 3143 verunt.

1775 3262 1820 3291 N
2399 3270 2468 3321 a

366 3334 545 3407 Post
594 3335 918 3409 volumen
981 3337 1177 3435 prius
1231 3335 1589 3435 vulgatum
1639 3331 2149 3429 maximamque
2208 3341 2434 3428 poste-

165 3465 371 3537 rioris
446 3462 657 3565 hujus
724 3476 991 3564 partem
1074 3464 1498 3539 elaboratam
1578 3462 1791 3535 altera
1869 3458 2129 3559 prodiit
2205 3461 2436 3557 operis

164 3591 475 3691 Sacyani
543 3592 796 3687 editio,
900 3596 974 3666 in
1047 3594 1342 3693 sing-ulis
1416 3594 1634 3667 multo
1721 3603 1788 3665 et
1870 3589 2294 3663 emendatior
2368 3599 2438 3660 et

166 3723 458 3797 auctior.
577 3723 1049 3797 Nihilominus
1109 3723 1414 3797 indolem
1480 3723 1711 3821 operis
1759 3718 1971 3819 hujus
2020 3744 2163 3793 non
2209 3726 2435 3789 muta—

167 3865 314 3925 tum
379 3855 508 3946 iri,
592 3862 673 3925 ut
748 3851 953 3924 facile
1021 3863 1168 3923 erat
1235 3852 1631 3951 conjectura
1693 3851 2001 3949 opinari,
2085 3849 2180 3920 ita
2230 3871 2435 3942 expe-

166 3985 414 4057 rientia
465 3984 724 4059 docuit.
856 3982 1070 4054 Ratio
1138 3984 1322 4053 enim
1373 3980 1522 4080 ejus
1572 3983 1827 4053 mansit
1891 3977 2106 4068 haec,
2177 3984 2255 4047 ut
2305 3973 2441 4046 Vir

168 4112 255 4185 de
305 4114 521 4187 literis
575 4112 869 4187 arabicis
930 4111 1411 4184 meritissimus
1471 4114 1958 4211 magistrorum
2002 4099 2441 4177 arabicorum

168 4242 572 4316 methodum
608 4253 1015 4341 sequeretur
1048 4265 1273 4337 neque
1325 4267 1478 4312 eam
1517 4238 1862 4312 desereret
1907 4235 2046 4307 nisi
2078 4233 2342 4330 passim
2373 4240 2441 4301 et

1729 4366 1866 4459 )(‘
