2675 4692
963 293 1078 366 De
1127 295 1372 385 Vecla.
2208 315 2309 390 73

206 477 461 544 Harum
514 501 745 548 vocum
797 480 1076 547 omnium
1123 479 1359 571 syllaba
1401 503 1529 570 qua
1573 480 1907 551 ordiuntur
1956 486 2311 573 composita
2340 508 2445 560 135

78 588 313 656 vocalem
376 594 825 661 tenuissimam
864 605 933 661 et
974 594 1481 681 sagacissimam,
1556 606 1779 684 utpote
1824 619 1990 684 quae
2062 609 2172 666 aut
2222 601 2308 665 ob

73 704 579 789 pronunciationis
625 718 871 775 tantum
904 708 1362 796 proclivitatem
1402 706 1648 777 adscita
1691 720 1804 776 aut
1837 707 2157 778 debilitata
2194 709 2309 777 ad-

74 816 294 884 modum
360 830 428 887 et
486 844 832 911 suppressa
890 821 1059 889 sacta
1119 831 1248 899 est,
1304 843 1602 917 semper--
1614 823 1873 915 amittit,
1933 824 2073 889 voci
2113 826 2312 915 priori

72 931 251 998 intime
297 956 554 1000 annexa
605 945 673 1002 et
710 935 1012 1043 subjecta.
1122 936 1413 1023 Suntque
1458 936 1584 1000 hae
1626 935 1715 1003 ita
1762 958 1952 1002 voces
1999 960 2038 1003 a
2074 960 2316 1002 conso-

72 1056 253 1110 nante
297 1045 609 1136 syllabam
656 1047 1068 1134 compositam
1109 1046 1444 1116 claudente
1485 1048 1895 1137 incipientes3
1952 1073 2119 1139 quae
2162 1073 2314 1117 con-

71 1180 267 1227 sonans
337 1160 542 1226 vocali
623 1158 875 1225 cuidam
945 1183 1168 1227 vocem
1241 1164 1520 1253 priorem
1565 1162 1881 1230 claudenti
1936 1176 2002 1230 et
2063 1165 2313 1231 acutius

72 1274 563 1359 pronunciandae
618 1272 1012 1363 subjicienda
1057 1283 1172 1341 est.
1294 1276 1387 1343 Et
1429 1276 1717 1365 proxime
1772 1275 2029 1365 quidem
2071 1278 2199 1344 hoc
2242 1278 2316 1345 fit

74 1386 111 1450 si
139 1411 243 1453 vox
287 1388 693 1477 praecedens
748 1387 947 1453 vocali
998 1388 1407 1472 terminatur,
1468 1412 1634 1480 quae
1695 1403 1793 1458 est
1837 1391 2191 1458 terminatio
2237 1414 2316 1458 ex

71 1494 293 1585 linguae
338 1498 557 1567 indole
594 1502 1018 1570 usitatissima.
1100 1502 1178 1575 Si
1220 1514 1475 1585 contra,
1517 1502 1691 1593 quod
1725 1503 1921 1570 multo
1960 1514 2058 1571 est
2090 1504 2315 1585 rarius,

77 1628 443 1682 consonante
486 1616 736 1696 finitur,
779 1613 1011 1682 vocalis
1054 1615 1138 1682 ad
1165 1628 1651 1696 consonantem,
1696 1640 1824 1706 qua
1882 1641 2153 1706 sequens
2198 1642 2320 1684 vox

74 1725 285 1794 orditur
329 1730 519 1818 (nam
548 1730 783 1798 vocalis
823 1731 905 1796 ab
941 1730 1077 1820 ejus
1113 1731 1287 1797 initio
1333 1731 1397 1796 in
1426 1753 1593 1797 nexu
1628 1731 1932 1799 sermonis
1969 1731 2132 1797 nulla
2163 1731 2320 1817 est),

66 1838 438 1928 jungendam
478 1843 860 1910 assumenda
904 1853 1037 1926 est;
1079 1853 1152 1911 ut
1186 1843 1387 1910 altera
1419 1844 1582 1911 haec
1621 1844 1784 1913 ratio
1827 1845 2025 1932 priori
2070 1844 2163 1912 ita
2202 1865 2326 1934 par

80 1954 165 2035 sit,
238 1967 312 2022 ut
352 1980 613 2045 semper
660 1957 861 2024 vocali
909 1957 1224 2024 cuidam
1206 1981 1270 2023 ιιι
1315 1959 1445 2024 fine
1484 1959 1654 2026 vocis
1718 1959 1946 2048 prioris
1997 1959 2321 2049 sequentis

76 2068 221 2136 vocis
276 2093 638 2139 consonans
698 2072 1084 2164 subjiciatur.
1191 2071 1269 2138 In
1310 2073 1534 2161 paucis
1577 2083 1822 2140 tantum
1861 2072 2095 2138 vocalis
2151 2095 2195 2135 a
2244 2095 2323 2139 ex

81 2183 310 2250 articulo
360 2183 445 2249 al
473 2185 551 2250 in
591 2208 820 2252 vocum
860 2185 1162 2276 junctura
1208 2187 1453 2253 mansit.
1551 2186 1652 2253 Ita
1693 2185 2324 2283 quanquam-'vocalis

78 2299 143 2362 ab
178 2302 340 2366 vocis
384 2299 562 2367 initio
597 2299 1101 2395 pannardum,
1140 2301 1206 2367 in
1252 2301 1563 2390 scriptura
1602 2311 1812 2389 tamen
1856 2298 2324 2387 perspicuitatis

78 2414 259 2498 gratia
299 2424 616 2509 [manen
683 2413 858 2502 quod
913 2438 1042 2503 quo
1097 2417 1180 2480 ab
1241 2416 1406 2482 Aliso
1472 2437 1594 2484 ceu
1655 2414 1878 2505 spiritu
1932 2435 2079 2479 cum
2126 2412 2328 2479 vocali

78 2502 343 2596 manente
401 2525 523 2617 (5
562 2526 739 2612 134)
794 2526 1253 2617 distinguatur,
1321 2530 1509 2619 signp
1551 2526 1917 2621 *notandum
1979 2525 2327 2594 videbatur.

75 2639 138 2704 Ιιι
170 2642 442 2711 Koranis
481 2644 738 2722 cuficis,
782 2644 835 2711 si
877 2643 1052 2733 quod
1101 2644 1356 2732 signum
1396 2644 1614 2726 adest,
1657 2644 1820 2711 Aliso
1863 2644 1970 2712 tali
2011 2643 2178 2709 linea
2218 2665 2327 2708 co·-

78 2751 194 2820 lore
219 2758 297 2823 ob
316 2758 556 2824 hamza
596 2756 844 2826 diverso
889 2764 1027 2847 (est
1057 2759 1222 2825 enim
1265 2757 1497 2846 rubra)
1533 2769 1599 2825 et
1631 2759 1941 2846 positione
1976 2755 2329 2824 secundum

26 2900 27 2949 ς
79 2869 335 2937 malm
392 2872 460 2938 in
503 2874 635 2938 fine
676 2873 849 2939 vocis
891 2873 1119 2962 prioris
1160 2871 1504 2960 legendam
1546 2869 1795 2938 diversa
1839 2872 1970 2960 (ex.
2000 2868 2063 2959 5.
2084 2870 2207 2957 78)
2241 2871 2330 2937 ita

26 2976 27 3037 Ῐ
82 2984 419 3072 praeposita
464 2998 601 3067 est,
643 2998 716 3054 ut
737 2987 970 3054 vocalis
1004 2986 1141 3078 ejus
1171 3009 1340 3076 quae
1371 3008 1497 3051 non
1525 2983 1851 3065 audiatur,
1898 2983 2111 3050 colore
2155 2982 2332 3049 viridi

26 3124 29 3155 ι
82 3108 345 3181 notetur3
388 3100 585 3188 inque
629 3098 777 3166 cdd.
801 3100 1114 3167 Al'ricanis
1155 3102 1436 3168 similiter
1475 3102 1701 3166 hamza
1724 3109 1872 3187 post
1905 3099 2072 3163 hanc
2103 3096 2333 3162 lineam

26 3162 29 3233 l
86 3209 290 3279 coloris
317 3225 415 3281 est
441 3237 569 3279 non
588 3215 733 3280 {lavi
763 3215 874 3303 (ut
893 3237 1012 3303 pro
1034 3237 1182 3281 vero
1201 3214 1463 3303 hamza)
1494 3212 1610 3281 sed
1633 3211 1862 3278 viridis.
1917 3209 1992 3301 Ιιι
2020 3209 2334 3305 scriptura

85 3354 279 3411 autem
312 3346 619 3439 vulgan
598 3345 745 3411 Elis
773 3344 899 3413 tale
942 3346 1141 3437 signo
1166 3347 1475 3437 peculiari
1518 3359 1534 3429 ς
1580 3342 1888 3411 denotare
1938 3340 2089 3407 satis
2134 3340 2332 3407 habe-

90 3540 213 3612 tur,
267 3530 331 3598 id
377 3531 551 3622 quod
604 3533 1010 3621 grammatici
1065 3533 1320 3599 nomine
1377 3516 1513 3590 ι-νΰῖ
1566 3528 1665 3597 vel
1723 3514 1916 3606 3⁴⁰5„
1969 3520 2130 3615 3503
2171 3524 2334 3611 Elis

90 3735 175 3802 vel
216 3735 480 3805 Hamza
526 3740 813 3805 unionis
865 3738 947 3806 ab
993 3736 1160 3837 Elij
1203 3763 1259 3806 v.
1301 3736 1586 3804 Hamza
1646 3722 1825 3837 cffll
1861 3737 2331 3821 separationis

98 3865 473 3939 distinxerunt
522 3869 616 3957 ¹).

1931 3996 1976 4027 ¹-

195 4068 252 4135 1)
284 4072 548 4140 simplicius
596 4070 649 4121 in
710 4068 949 4121 africanis
998 4067 1173 4120 multis
1222 4066 1360 4116 linea
1409 4064 1527 4115 talis
1563 4060 1631 4113 ad
1673 4060 1748 4112 Ve
1750 4057 1892 4123 flam
1928 4060 2088 4111 solam
2126 4059 2333 4200 εῖῗιιιιιι-

290 4161 395 4217 ἁιιιιι
446 4162 752 4232 praefigitur
822 4174 915 4227 pro
965 4158 1157 4210 vocalis
1210 4153 1545 4209 intermediae
1601 4150 2020 4220 pronunciatione
2069 4166 2179 4217 posn
2208 4165 2335 4201 ionis

290 4253 531 4319 diversae3
593 4252 778 4304 hamza
824 4263 946 4300 vero
1001 4255 1191 4316 puncto
1251 4248 1384 4299 flavo
1440 4243 1508 4295 ibi
1558 4248 1757 4295 tantum
1793 4245 1998 4293 notatur
2032 4239 2121 4292 ubi
2155 4254 2278 4293 vere
2316 4230 2330 4294 Ι

290 4346 479 4414 spiritus
515 4347 565 4397 vi
601 4342 828 4409 legitur3
878 4356 925 4392 v.
962 4339 1086 4393 Not.
1124 4346 1179 4392 et
1210 4339 1360 4392 Extr.
1394 4336 1460 4389 T.
1486 4338 1537 4387 8.
1575 4352 1626 4402 p.
1645 4336 1768 4386 322.
