2675 4692
360 375 465 447 84
734 357 968 454 Leges
1017 358 1349 429 radicum
1367 412 1387 445 ,
1437 357 1764 451 stirpium
1780 354 1821 444 ,’
1852 352 2276 424 formarum.

365 551 713 633 augmenta
737 593 758 624 ,
827 564 916 608 ea
966 540 1189 608 intime
1246 560 1395 606 cum
1446 537 1523 604 iis
1580 537 1965 616 cohaerent,
2042 546 2118 601 ut
2173 535 2255 600 ab
2314 533 2392 599 iis
2433 530 2619 598 divelli

365 667 718 747 nequeant,
741 655 1111 744 ‘nulliusque
1152 652 1277 720 sint
1314 673 1433 741 per
1474 674 1547 717 se
1587 650 1874 716 notionis.
1962 647 2264 716 Similiter
2310 646 2450 712 fere
2491 646 2620 712 stir-

366 771 541 860 pium
578 770 770 837 flexio
814 767 900 835 ad
941 788 1186 857 genera
1228 775 1294 832 et
1336 785 1633 830 numeros
1649 813 1668 843 ‚
1710 784 2016 850 personas
2062 783 2258 850 porro
2284 757 2622 846 modosque

365 884 540 951 verbi
584 879 1068 971 distinguendos
1111 878 1462 949 arctissime
1505 876 1800 964 stirpibus
1844 876 2162 955 inhaeret,
2225 884 2300 941 ut
2339 873 2478 939 sine
2516 870 2623 936 bac

366 1016 513 1064 esse
570 1007 910 1085 nequeant.
1008 992 1145 1059 Sed
1189 1013 1357 1081 quae
1397 989 1694 1077 stirpibus
1738 990 1830 1056 sic
1877 988 2284 1055 conformatis
2327 1010 2488 1077 quas
2526 984 2623 1050 de-

363 1110 587 1198 inceps
613 1107 898 1196 formas
939 1104 1156 1172 dicere
1199 1107 1609 1171 constitutum
1654 1116 1753 1171 est
1769 1153 1788 1184 ‚
1841 1103 2143 1192 subjungi
2181 1112 2455 1191 possunt
2494 1120 2623 1188 pro-

363 1223 621 1291 nomina
659 1220 922 1300 suffim,
987 1242 1067 1286 ea
1109 1241 1231 1284 nec
1279 1217 1535 1284 notione
1576 1239 1699 1281 nec
1740 1219 2061 1283 structura
2102 1226 2236 1282 tam
2276 1224 2463 1281 arcte
2500 1213 2623 1280 stir-

361 1336 552 1425 pibus
623 1333 906 1424 injuncta
971 1342 1136 1399 sunt.
1261 1328 1456 1398 Unde
1512 1330 1693 1396 simul
1760 1340 1902 1394 tres
1962 1351 2106 1397 esse
2163 1329 2228 1394 in
2281 1330 2621 1395 universum

364 1445 759 1515 formationis
796 1443 1031 1512 classes
1077 1454 1295 1533 patet:
1368 1442 1447 1528 1)
1490 1442 1828 1531 stirpium
1870 1465 1949 1509 ex
1986 1440 2238 1523 radice;
2295 1439 2384 1527 2)
2430 1464 2506 1506 ex
2542 1439 2622 1505 his

348 1557 760 1649 formarum
774 1606 795 1638 ‚
872 1578 990 1623 seu
1052 1557 1338 1645 stirpium
1397 1554 1572 1621 certa
1631 1552 1908 1641 quadam
1948 1556 2222 1621 flexione
2263 1567 2335 1623 et
2380 1555 2624 1631 numeri,

362 1671 645 1761 generis,
688 1691 1023 1765 personae,
1070 1668 1244 1737 modi
1271 1668 1595 1736 notatione
1620 1666 2104 1755 prodeuntium;
2143 1668 2225 1755 3)
2244 1670 2623 1758 juncturae

243 1816 250 1823 ·
343 1781 754 1871 formarum
797 1782 1024 1850 harum
1070 1805 1218 1849 cum
1257 1780 1392 1848 aliis
1432 1781 1710 1847 vocibus.

229 1997 339 2051 152
537 1975 639 2043 Ad
679 1974 907 2063 stirpes
952 1994 1157 2061 exque
1199 1971 1297 2038 his
1343 1970 1577 2038 formas
1622 1970 1997 2037 derivandas
2040 1996 2346 2041 sonorum
2389 1975 2621 2066 quidem

360 2089 708 2157 inserviunt
746 2087 1136 2175 extrinsecus
1180 2083 1625 2152 accedentium
1669 2095 1804 2152 tum
1837 2086 2263 2174 praefixorum
2299 2100 2441 2155 tum
2467 2100 2619 2177 post·

360 2202 713 2292 positorum
757 2202 928 2267 bona
968 2222 1138 2288 pars.
1247 2199 1332 2265 At
1384 2197 1581 2266 multo
1638 2199 1838 2288 major
1883 2209 1949 2266 et
1986 2200 2200 2289 potior
2248 2201 2619 2271 formationis

355 2335 511 2403 pars
553 2312 865 2380 vocalium
907 2314 1074 2380 intra
1114 2309 1401 2377 radicem
1444 2323 1511 2379 et
1551 2312 1702 2380 satis
1748 2312 2021 2402 amplam
2053 2322 2129 2381 et‘
2160 2325 2292 2383 tres
2339 2317 2619 2384 continuo

227 2444 236 2457 '
359 2449 553 2496 sonos
597 2427 1080 2515 amplectentem
1119 2425 1472 2493 mutatione
1514 2429 1717 2514 aequa
1760 2440 1825 2494 et
1864 2438 2196 2494 constante
2221 2429 2458 2495 nititur.
2516 2428 2623 2495 Est

361 2539 622 2630 quidem
662 2540 828 2606 haec
872 2539 1125 2605 omnino
1166 2537 1426 2625 linguae
1478 2539 1801 2606 semiticae
1840 2541 2037 2608 virtus
2082 2540 2403 2630 quaedam
2442 2563 2620 2631 pecu-

357 2655 525 2722 liaris
541 2707 561 2736 ‚
623 2654 741 2723 sed
802 2677 882 2720 ea
940 2651 1238 2717 arabicae
1296 2650 1567 2720 dialecto
1625 2654 1854 2721 ceteris
1915 2648 2111 2742 longe
2170 2654 2530 2722 familiarior
2565 2665 2620 2720 et

280 2790 283 2797 ’
359 2768 688 2836 excultior.
807 2766 997 2841 Quae
1054 2768 1182 2854 qua
1241 2767 1494 2833 omnino
1551 2766 1859 2832 vocalium
1914 2769 2209 2837 ubertate
2250 2782 2319 2837 et
2362 2768 2619 2837 volubffi-

356 2892 494 2949 tata
534 2881 804 2947 maxima
844 2877 1091 2967 gaudet
1133 2876 1372 2968 (§.5.)‚
1418 2880 1495 2944 ea
1535 2878 1619 2943 ad
1663 2880 2104 2948 formationem
2139 2884 2488 2973 praecipue
2525 2905 2617 2947 vo-

359 3017 508 3061 cum
551 3005 616 3060 et
655 2986 1086 3060 brevissimam
1132 3005 1324 3081 atque
1367 2993 1790 3060 acutissimam
1834 3005 1901 3062 et
1939 2996 2209 3063 maxime
2234 2999 2619 3086 perspicuam

357 3106 717 3177 felicissime
766 3106 980 3174 utitur.
1077 3108 1256 3173 Hinc
1308 3129 1439 3173 non
1488 3128 1599 3173 eas
1642 3117 1921 3189 tantum,
1993 3131 2151 3197 quas
2199 3109 2516 3190 hebraea,
2560 3105 2617 3172 id

354 3243 508 3290 vero
583 3233 683 3288 est
746 3223 1004 3311 antiqua
1058 3220 1320 3309 linguae
1379 3219 1576 3288 facies
1621 3221 1849 3303 habet,
1910 3223 2221 3289 vocalium
2259 3224 2431 3291 intra
2469 3220 2617 3289 ruffi·

356 3358 500 3402 cem
539 3337 926 3404 mutationes
981 3333 1352 3402 nitidissime
1408 3333 1683 3401 excoluit
1743 3345 1810 3401 et
1849 3336 2123 3403 maxima
2164 3339 2441 3406 servavit
2480 3358 2615 3403 con-
2644 3360 2645 3365 ¹

283 3460 288 3467 '
353 3449 586 3516 stantia
601 3499 621 3529 ,
683 3448 803 3517 sed
865 3472 1061 3515 novas
1121 3450 1422 3516 continuo
1478 3447 1604 3514 hac
1655 3448 1903 3516 ratione
1947 3449 2184 3517 formas
2229 3453 2452 3520 condit
2488 3453 2613 3516 bre-

352 3560 550 3629 vitate
592 3574 660 3629 et
699 3560 1159 3651 perspicuitate
1200 3560 1595 3650 conspicuas.
1679 3560 1933 3627 Deinde
1975 3562 2061 3629 ad
2102 3586 2334 3631 vocum
2377 3583 2614 3654 quoquo
2642 3584 2645 3633 ι

350 3673 520 3743 inter
575 3698 648 3740 se
697 3675 1068 3765 juncturam
1123 3697 1162 3739 e
1216 3673 1463 3763 syntaxi
1514 3671 1905 3762 pendentem
1965 3677 2250 3745 exactius
2305 3690 2373 3746 et
2423 3674 2614 3764 magi!

353 3786 696 3877 perspicue
782 3786 1128 3855 notandam
1199 3787 1511 3855 vocalium
1575 3789 1878 3857 translata
1949 3801 2049 3858 est
2101 3790 2167 3857 in
2222 3792 2353 3857 fine
2404 3778 2641 3858 vocum*

351 3899 624 3967 varietas
642 3949 662 3982 ‚
735 3911 809 3968 ut
864 3921 946 3967 ex
997 3899 1166 3965 nulla
1229 3922 1304 3966 re
1344 3911 1591 3969 tantum
1635 3901 1889 3990 linguae
1931 3903 2240 3973 affiilserit
2278 3905 2520 3972 luminis
2555 3908 2615 3968 et

353 4010 607 4080 decoris
677 4035 869 4101 quam
931 4036 1013 4079 ex
1071 4011 1198 4077 hac
1256 4014 1567 4081 vocalium
1623 4017 1973 4084 mutatione
2026 4017 2196 4098 acri,
2273 4016 2613 4108 perspicui.

351 4136 703 4194 constante.
816 4125 967 4200 Quo
1025 4127 1233 4214 magis
1293 4128 1723 4195 necessarium
1781 4139 1915 4210 est,
1981 4128 2177 4217 leges·
2204 4154 2362 4220 quas
2406 4154 2482 4197 ea
2520 4151 2637 4209 see

347 4240 565 4328 quitur
605 4262 885 4306 summas
928 4248 996 4305 et
1042 4238 1362 4304 universas
1405 4239 1510 4306 hic
1552 4238 1912 4322 delineare,
1953 4242 2266 4331 plurimae
2305 4246 2370 4310 in
2405 4245 2609 4331 singu-

337 4344 419 4420 lis
463 4350 684 4421 formis
728 4347 1199 4441 cognoscendis
1244 4350 1450 4437 frugis
1488 4342 1757 4422 suturas.
