2675 4692
397 311 632 406 Leges
683 311 1050 395 radicum‚
1108 311 1483 404 stirpium,
1546 310 1983 382 formarum:
2229 325 2327 398 85

214 493 552 561 Vocalium
593 494 758 560 ratio
800 502 1059 583 praeter
1101 514 1182 557 ea
1222 515 1392 580 quae
1432 492 1686 573 omnino
1728 494 1794 559 in
1833 494 1908 561 iis
1951 493 2158 563 valent
2200 495 2329 564 dis-
2353 522 2458 585 ιω

77 606 310 673 crimina
352 605 420 696 ς.
449 606 653 673 69-73
695 606 800 672 hic
843 605 1191 695 praecipue
1232 627 1271 671 e
1314 605 1662 673 formarum
1704 606 1764 672 vi
1819 606 2102 675 notanda
2143 610 2328 677 venit.

72 720 142 787 Et
177 719 408 786 vocalis
451 719 709 808 quidem
753 719 1035 785 omnium
1074 719 1362 807 proxima
1405 742 1453 784 a
1496 728 1596 785 est
1635 718 1965 801 habenda,
2033 721 2209 809 quod
2260 724 2328 789 in

74 833 263 901 formis
315 834 612 901 omnium
680 834 935 900 minime
1001 833 1252 900 variatis
1328 842 1396 899 et
1456 832 1757 920 proximis
1815 844 2149 921 comparet
2169 885 2189 915 ‚
2256 848 2328 906 ut

69 985 166 1064 3²3
180 1034 200 1052 ·
313 994 597 1061 Ceterae
660 985 916 1060 v'ocales
978 991 1547 1079 significationibus
1605 991 1917 1060 variandis
1962 993 2327 1064 inserviunt.

70 1107 380 1197 Simulque
436 1106 688 1174 vocales
746 1108 912 1174 intra
968 1117 1100 1173 tres
1175 1104 1489 1171 radicales
1554 1102 1787 1169 breves
1855 1090 2328 1196 antiquissimae

68 1232 193 1288 sunt
243 1232 315 1288 et
372 1222 705 1310 proximae
722 1271 742 1301 ‚
807 1243 975 1309 quae
1016 1230 1231 1288 tamen
1279 1219 1344 1284 in
1407 1217 1727 1284 nominum
1769 1217 1986 1286 formis
2029 1218 2325 1289 derivatis

67 1335 298 1423 saepius
335 1335 408 1400 in
449 1332 679 1421 longas
721 1332 1080 1422 productae
1121 1342 1270 1400 sunt
1311 1329 1685 1398 stabiliores.
1793 1330 1871 1397 In
1908 1331 2061 1420 ipsis
2109 1322 2323 1401 autem

69 1451 304 1516 vocibus
356 1447 492 1514 duo
545 1428 857 1514 vocainim
898 1468 1144 1534 genera
1186 1443 1638 1534 distinguenda
1684 1456 1867 1527 sunt,
1931 1445 2095 1529 situ,
2153 1459 2321 1530 ortu,

65 1564 513 1650 significatione
555 1560 1008 1628 diversissima:

212 1731 269 1796 1.
313 1730 506 1806 Quae
545 1728 711 1795 intra
751 1726 1039 1794 radicem
1079 1706 1229 1793 sunt
1267 1723 1555 1800 vocales,
1618 1746 1659 1791 a
1705 1723 1917 1812 stirpis
1964 1734 2032 1793 et
2074 1726 2320 1794 formae
2339 1749 2451 1800 154

63 1841 302 1910 notione
340 1841 665 1931 pendent;
736 1851 1010 1929 suntque
1070 1862 1190 1906 eae
1240 1839 1305 1905 in
1365 1839 1656 1906 omnibus
1714 1839 2009 1907 semiticis
2065 1840 2317 1928 linguis,

65 1954 164 2021 sed
211 1956 277 2021 in
330 1954 590 2022 arabica
650 1952 1314 2020 consummatissimae.
1444 1952 1633 2027 Quae
1687 1951 1999 2019 vocalium
2051 1954 2316 2021 mutatio

64 2052 193 2155 quid
247 2068 574 2156 significet
627 2067 795 2133 infra
844 2067 910 2132 in
965 2066 1229 2153 singulis
1277 2078 1378 2134 oet
1415 2064 1795 2146 videndum,
1776 2087 1795 2104 ·
1845 2064 1960 2132 hio
1999 2065 2315 2152 explican-

65 2177 224 2261 dum,
287 2178 615 2269 quomodo
674 2178 924 2246 vocales
979 2179 1193 2246 variae
1245 2179 1413 2247 intra
1464 2178 1751 2245 radicem
1812 2179 2315 2266 pronuntientur.

63 2291 128 2357 Id
162 2293 324 2359 enim
359 2314 485 2381 pro
526 2290 817 2361 radicum
855 2294 1097 2362 ambitu
1135 2292 1574 2381 vocaliumque
1614 2292 1673 2358 vi
1727 2302 1795 2360 et
1834 2293 2081 2381 orig-ine
2124 2296 2316 2407 certis

65 2403 250 2474 nititur
287 2406 562 2493 legibus.

209 2572 287 2656 1)
328 2570 630 2639 radicalis
671 2569 953 2639 secunda
970 2622 989 2654 ‚
1049 2571 1254 2661 prima
1305 2570 1509 2637 vocali
1549 2571 1889 2651 instructa,
1947 2581 2126 2639 muta
2169 2595 2314 2640 esse
2340 2585 2446 2640 155

63 2696 279 2771 potest,
341 2709 514 2774 quae
576 2679 1018 2773 pronunciatio
1078 2710 1224 2752 cum
1267 2686 1487 2752 ultima
1528 2706 1785 2774 semper
1839 2685 1903 2750 in
1944 2683 2163 2772 lingua
2203 2709 2311 2752 ex-

63 2797 206 2865 culta
245 2798 446 2865 vocali
489 2799 865 2866 terminetur
906 2796 1009 2889 (ς.
1037 2799 1236 2885 162),
1299 2799 1437 2865 sine
1477 2797 1604 2864 ulla
1643 2808 1742 2865 est
1777 2796 2155 2866 difficultate
2176 2848 2195 2881 ‚
2239 2810 2312 2868 ut

63 2896 156 3025 ἕξ
173 2965 193 3033 3
249 2959 490 3026 vocalis
547 2983 596 3023 u
645 2968 721 3026 ut
774 2960 1107 3026 obscurior
1172 2968 1240 3026 et
1301 2956 1548 3047 plenior
1610 2955 1825 3023 diduci
1880 2968 1947 3025 et
1999 2946 2345 3046 geminari'

65 3126 279 3200 Potest,
335 3063 496 3200 3²3⁹,
551 3064 704 3193 ὑὲ,
746 3141 893 3186 raro
924 3120 953 3183 i
984 3129 1143 3187 eta.
1203 3118 1276 3185 Si
1318 3116 1604 3185 secunda
1643 3115 1781 3184 rad.
1804 3118 2087 3185 vocalem
2115 3119 2310 3189 habet

69 3242 154 3298 aut
171 3233 432 3299 brevem
460 3244 575 3301 aut
596 3231 858 3320 longam
884 3255 964 3299 ex
983 3232 1178 3313 brevi,
1209 3254 1375 3321 quae
1397 3231 1741 3318 antiquitus
1771 3230 1888 3297 fuit
1906 3229 2306 3319 productam,

67 3345 235 3428 plima
289 3345 578 3414 solitaria
616 3345 900 3421 vocalem
943 3355 1152 3428 tenet,
1212 3366 1380 3432 quae
1421 3344 1708 3457 proxima
1751 3354 1884 3425 est,
1940 3346 2197 3413 brevem
2237 3371 2307 3430 a,

70 3513 118 3569 nt
150 3496 303 3583 ἆυ,
364 3495 545 3584 35²3,
633 3506 915 3594 exceptis
969 3503 1192 3593 paucis
1249 3504 1500 3584 formis,
1567 3504 1633 3570 in
1675 3505 1904 3590 quibus
1946 3505 2178 3572 vocalis
2222 3509 2307 3573 ob

69 3635 244 3725 stirpis
285 3637 618 3706 notionem
658 3646 900 3704 mutata
946 3648 1060 3703 est.
1149 3634 1575 3723 Similiterque
1613 3636 1833 3703 literae
1874 3634 2075 3702 radici
2120 3660 2306 3726 prae-

68 3750 275 3831 positae
326 3750 690 3840 proximam
741 3748 1026 3817 vocalem
1065 3771 1316 3839 semper
1358 3765 1396 3815 ἅ
1436 3749 1706 3832 habent,
1764 3746 1939 3837 quod
1978 3750 2042 3815 in
2085 3751 2305 3838 paucis

69 3908 328 3998 &pibus
373 3911 552 3992 ino,
599 3934 649 3976 u
693 3910 973 3990 transiit,
1038 3919 1118 3978 ut
1170 3854 1254 4009 3-Ξῖ
1290 3852 1384 3961 [Ξῖ
1438 3905 1504 3998 §-
1546 3909 1692 3975 219.
1814 3909 2001 3985 Quae
2055 3908 2308 3997 singula

67 4035 196 4110 'nfra
233 4066 274 4111 e
307 4041 520 4111 causis
561 4043 692 4110 suis
735 4039 1107 4131 explicanda
1145 4050 1309 4109 sunt.

202 4209 279 4295 2)
324 4210 398 4276 Si
441 4233 594 4277 vero
637 4230 803 4275 nova
867 4184 1100 4276 vocalis
1161 4206 1452 4296 primitus
1503 4205 1700 4293 longa
1755 4186 2084 4281 inseritur,
2142 4203 2305 4271 haec
2330 4225 2433 4277 15⁶

77 4317 204 4387 adeo
255 4325 321 4391 iu
377 4326 513 4393 tota
565 4320 788 4391 radice
849 4321 986 4390 sola
1043 4321 1404 4389 dominatur
1444 4330 1519 4387 ut
1561 4317 1792 4385 vocalis
1836 4316 2091 4385 alterius
2134 4316 2302 4385 radi-
