2675 4692
387 290 534 360 112
1022 269 1250 344 Verbi
1299 281 1635 369 tempora
1681 283 1755 344 et
1796 269 2018 346 modi.

455 514 526 571 11.
598 515 680 570 De
715 523 1005 585 temporum
1039 519 1093 569 et
1125 511 1397 569 modorum
1431 525 1874 584 personarumque
1915 516 2115 569 rationo
2161 516 2218 566 et
2262 509 2588 567 formatione.

259 674 365 728 193
555 666 692 734 'l'ot
739 665 861 733 hae
918 678 985 737 et
1043 679 1173 736 tam
1227 667 1402 737 varie
1443 665 1756 735 formatae
1796 666 1972 735 verbi
2013 669 2241 756 stirpes
2281 689 2479 734 unam
2520 678 2648 736 tan-

384 792 522 851 tum
580 779 821 849 habere
868 764 1139 869 possunt
1192 791 1551 870 temporum
1610 791 1677 848 et
1732 780 2071 849 modorum
2111 803 2663 871 personarumque¹

381 891 823 962 formationem
844 941 865 975 ‚
932 904 1006 960 ut
1066 894 1379 962 Arabibus
1441 915 1648 983 aeque
1701 917 1782 962 ac
1845 896 2074 965 ceteris
2116 897 2365 987 populis
2404 899 2489 966 ab
2530 878 2663 965 ori·¹

377 1008 535 1098 gine
577 1031 796 1074 unam
837 1017 1086 1076 tantum
1129 1006 1530 1096 eandemque
1570 1008 2088 1100 conjugationem
2131 1012 2328 1079 fuisse
2371 1010 2611 1080 videus.

249 1199 358 1255 194
543 1178 943 1269 Temporum
982 1174 1478 1268 modorumque,
1544 1192 1710 1268 quae
1763 1189 1901 1247 tum
1946 1200 2362 1267 personarum
2406 1180 2663 1251 indiciis

373 1292 554 1382 stirpi
621 1300 731 1362 aut
789 1292 1030 1360 suffixis
1087 1302 1199 1359 aut
1258 1292 1668 1383 praepositis,
1725 1304 1862 1359 tum
1915 1292 2227 1360 vocalium
2264 1293 2436 1360 intra
2476 1296 2663 1385 ipsas}

374 1406 611 1475 formas
651 1404 956 1473 varietate
1003 1402 1478 1493 distinguuntur
1519 1402 1621 1495 (ς.
1651 1405 1798 1473 214.
1842 1405 2045 1494 234),
2102 1406 2166 1472 in
2208 1407 2497 1474 semidea
2538 1408 2643 1474 lin-

369 1522 507 1609 gua
558 1530 809 1587 constat
860 1539 1004 1585 esse
1057 1518 1367 1611 rationem
1426 1528 1493 1586 et
1547 1516 1824 1586 indolem
1866 1542 1905 1587 a
1943 1523 2161 1589 nostra
2204 1519 2425 1611 lingua
2464 1523 2644 1590 indo-

369 1632 740 1723 germanica
779 1630 964 1697 valde
1003 1628 1333 1698 diversam.
1435 1631 1625 1707 Quae
1668 1655 1815 1700 cum
1852 1634 2139 1723 primitus
2180 1636 2305 1702 tria
2343 1638 2645 1727 temporis

370 1769 539 1837 quae
579 1744 849 1834 cogitari
889 1754 1157 1833 possunt
1197 1743 1685 1833 (praeteritum,
1746 1746 2065 1828 futurum,
2119 1748 2465 1838 praesens)
2508 1775 2663 1833 mo<

370 1859 730 1948 dorumque
787 1856 1144 1926 discrimina
1214 1866 1281 1926 et
1335 1860 1539 1949 probe
1592 1860 1863 1928 senserit
1903 1871 1969 1928 et
2014 1861 2246 1930 formas
2291 1848 2663 1932 distinxerit}

366 1973 759 2067 perspicuis,
799 1972 1085 2040 semitica
1127 1971 1346 2061 lingua
1385 1973 1551 2040 intra
1593 1971 1754 2040 duas
1797 1974 2072 2042 substitit
2112 1976 2350 2044 formas
2392 1987 2663 2067 tempo-¹

365 2089 452 2158 ris
504 2087 807 2177 modique
870 2083 1208 2155 discrimen
1275 2086 1635 2153 universum
1700 2096 1945 2155 tantum
1989 2087 2430 2175 exprimentes.
2546 2089 2642 2157 Ad

363 2226 526 2294 quas
570 2222 908 2270 accessere
949 2199 1265 2290 quidem
1247 2222 1312 2266 ιιι
1352 2197 1569 2287 lingua
1606 2200 1938 2268 excultiori
1979 2211 2048 2269 et
2089 2202 2345 2268 arabica
2382 2203 2639 2291 potissi-

363 2340 541 2386 mum
593 2314 866 2383 dialecto
931 2312 1143 2380 variae
1208 2322 1504 2400 tempora
1571 2312 1927 2403 modosque
1999 2316 2358 2384 accuratius
2420 2315 2643 2386 distin·

363 2428 608 2519 guendi
662 2429 973 2508 rationes,
1053 2436 1128 2492 ut
1179 2425 1244 2491 in
1301 2436 1439 2493 toto
1491 2425 1845 2494 sententiae
1916 2448 2084 2494 nexu
2138 2451 2363 2497 sensus
2415 2453 2643 2499 eorum

364 2564 620 2634 semper
688 2544 775 2612 sit
829 2537 1206 2630 perspicuus
1235 2619 1244 2625 ⁸
1273 2548 1342 2606 et
1397 2548 1644 2606 certus:
1710 2549 1778 2610 at
1840 2562 2164 2629 nunquam
2214 2542 2439 2632 lingua
2495 2569 2663 2613 eam¹

362 2676 532 2749 quae
567 2657 847 2745 linguam
892 2650 1510 2740 indo-germanicam
1551 2653 1870 2737 nobilitat,
1924 2654 2449 2745 perspicuitatem
2488 2681 2663 2745 cum

363 2771 788 2851 concinnitate
830 2766 1232 2857 conjunctam
1274 2776 1466 2836 nacta
1505 2777 1620 2836 est.

238 2973 344 3025 195
527 2941 719 3011 Duae
760 2939 886 3007 hae
925 2937 1171 3005 formae
1209 2939 1301 3008 ita
1343 2937 1678 3020 differunt,
1718 2950 1793 3006 ut
1833 2936 2033 3007 altera
2068 2957 2207 3004 rem
2232 2916 2641 3028 perfectam

358 3080 569 3147 coque
620 3065 921 3133 certam,
978 3048 1181 3119 altera
1238 3051 1547 3119 nondam
1575 3051 1974 3141 perfectam
2033 3074 2245 3141 eoque
2290 3051 2643 3118 incertam

356 3171 669 3239 enunciet.
794 3169 983 3244 Quae
1042 3166 1135 3233 vis
1200 3164 1286 3233 ad
1353 3167 1684 3255 temporis
1756 3165 1985 3234 diversi
2050 3166 2442 3234 notationem
2506 3164 2645 3233 boc

353 3284 553 3366 valet,
594 3295 668 3351 ut
709 3282 915 3350 forma
955 3280 1133 3370 prior
1173 3291 1426 3370 tempus
1455 3276 1859 3367 perfectum
1895 3291 1963 3347 et
1990 3278 2387 3361 absolutum,
2435 3278 2641 3347 altera

353 3397 840 3485 imperfectam
854 3442 875 3473 ‚
964 3405 1077 3463 aut
1151 3397 1446 3464 universe
1505 3390 1788 3459 futurum
1850 3403 1961 3460 aut
2022 3405 2328 3483 coeptum
2384 3403 2643 3462 tantum

354 3506 633 3576 necdum
672 3506 1030 3575 absolutum
1066 3509 1258 3578 sistat.
1345 3506 1483 3576 Sed
1508 3503 1679 3572 idem
1710 3503 1793 3571 ad
1817 3504 2097 3571 modum
2127 3504 2293 3575 valet
2322 3529 2452 3595 quo
2473 3505 2639 3594 quid

354 3622 678 3712 ponimus;
745 3618 919 3708 quod
974 3620 1138 3687 enim
1177 3619 1353 3688 haud
1385 3620 1777 3711 perfectum,
1836 3618 1904 3685 id
1944 3620 2259 3688 incertum
2300 3632 2370 3689 et
2410 3618 2639 3687 condi-

349 3734 507 3803 tioni
548 3732 905 3823 subjectum
948 3745 1079 3818 est;
1124 3733 1299 3822 quod
1340 3736 1700 3824 perfectum
1744 3730 1812 3797 id
1849 3733 2206 3802 absolutum
2249 3745 2318 3801 et
2360 3744 2639 3801 certum.

351 3847 545 3916 Unde
592 3846 808 3914 formis
857 3845 955 3914 his
1001 3847 1182 3915 simul
1220 3847 1597 3915 indicativi
1651 3859 1722 3916 et
1765 3838 2196 3938 subjunctivi
2236 3847 2407 3916 inest
2452 3847 2639 3915 notio

349 3961 793 4051 neglectisque
859 3961 1166 4050 temporis
1247 3960 1583 4029 intervallis
1672 3959 1935 4027 diversis
2012 3959 2186 4027 modi
2263 3959 2643 4029 discrimine

348 4086 689 4166 ponuntur.
777 4075 1025 4150 Quibus
1071 4074 1288 4141 formis
1331 4075 1580 4162 amplae
1622 4072 1970 4141 admodum
2013 4087 2079 4145 et
2119 4098 2364 4166 vagae,
2427 4100 2639 4168 qm-

351 4211 543 4277 quam
596 4209 668 4256 se
733 4188 896 4254 inter
959 4189 1125 4254 bene
1196 4186 1564 4272 distinctae,
1630 4188 2105 4281 significationis
2147 4200 2373 4258 nostra
2406 4190 2639 4280 lingua

353 4323 477 4369 non
536 4301 731 4368 habet
793 4321 961 4389 quae
1008 4298 1456 4393 respondeant.
1571 4301 1817 4379 Quodsi
1880 4324 1990 4371 eas
2048 4302 2521 4390 praeteritum
2562 4316 2643 4371 et
