2675 4692
435 275 553 345 De
605 276 990 345 nominum
1039 270 1384 366 junctura
1434 283 1508 343 et
1558 274 2056 344 declinatione.
2243 285 2391 357 215

93 458 292 523 cimus
359 458 429 522 in
485 466 687 521 statu
740 468 1136 525 constructo
1191 456 1345 546 poni
1404 452 1654 521 dicitur.
1771 455 1862 521 Et
1917 465 2150 522 nomm
2194 459 2390 524 verbo

91 573 182 637 vel
238 571 366 638 toti
433 568 859 636 enunciationi
920 558 1247 635 subditum
1300 567 1404 656 (in
1463 566 1941 652 accusativo),
2026 560 2392 659 quanquam

89 683 348 750 fiber-ius
390 704 512 771 per
552 705 627 749 se
664 693 874 758 stans,
919 705 960 748 e
998 680 1150 768 lege
1191 692 1407 749 tamen
1448 691 1601 749 ante
1640 668 1908 745 verbum
1951 680 2049 748 vel
2087 683 2388 749 enuncia-

94 773 333 862 tionem
376 795 533 884 poni
573 796 810 884 nequit.
912 794 1193 861 Ceterae
1250 805 1469 862 autem
1521 793 1789 860 nominis
1843 792 2180 862 relationes
2223 818 2391 882 quae

95 932 170 975 ex
225 909 362 976 hac
414 909 732 999 positione
785 907 1236 975 nominativum
1251 958 1274 988 ‚
1340 908 1689 996 genitivum
1705 957 1725 986 ‚
1792 908 2226 975 accusativum
2267 932 2387 975 suo

93 1021 291 1089 modo
344 1022 781 1111 distinguente
823 1020 996 1089 haud
1039 1032 1306 1111 possent
1344 1022 1687 1111 perspicue
1730 1020 2026 1107 exprimi,
2093 1032 2165 1089 ut
2225 1022 2387 1088 rela-

93 1138 182 1202 tio
225 1159 402 1225 qnae
446 1137 629 1205 nobis
671 1135 960 1203 dativus
997 1156 1185 1204 casus
1226 1135 1495 1221 dicitur,
1528 1132 2170 1227 praepositionibus
2205 1150 2389 1205 erant

90 1247 478 1315 indicandae
527 1247 616 1335 ¹).

263 1433 463 1498 Haec
519 1430 732 1521 prisca
787 1431 1049 1521 linguae
1106 1434 1435 1504 semiticae
1496 1446 1565 1504 et
1618 1439 1828 1504 nativa
1873 1435 2070 1502 facies
2112 1433 2512 1502 indeletum

91 1570 276 1614 snam
321 1556 527 1614 totam
568 1546 635 1612 in
676 1546 935 1612 arabica
976 1544 1250 1616 dialecto
1308 1561 1443 1617 tam
1483 1571 1712 1639 parum
1754 1549 2049 1631 mutavit,
2113 1560 2186 1617 ut
2221 1550 2386 1617 inte-

90 1685 214 1750 gra
257 1672 515 1729 servata
557 1661 641 1729 sit
676 1660 998 1747 totiusque
1045 1662 1557 1731 enunciationum
1600 1674 1968 1731 structurae
2011 1661 2383 1733 fundamen-

88 1791 242 1844 tum.
329 1776 506 1842 Nam
544 1774 869 1842 nominum
907 1774 1140 1863 positio
1184 1777 1459 1863 primum
1501 1777 1732 1845 eadem
1775 1778 2033 1845 mansit:
2101 1777 2384 1845 nomina-

85 1893 249 1958 tivus
284 1890 395 1955 ubi
430 1889 613 1979 plura
645 1900 793 1955 sunt
822 1888 1075 1954 nomina
1109 1887 1648 1978 praemittendus,
1695 1893 2097 1961 accusativus
2119 1903 2383 1981 postpo-

85 2003 339 2070 nendus
360 2015 495 2084 est,
534 2002 853 2091 genitivus
884 2025 1206 2092 nunquam
1223 2026 1346 2092 per
1368 2027 1476 2080 se,
1507 2016 1580 2072 ut
1601 2005 1682 2071 ab
1703 1984 2382 2087 initio⁹enunciationis‚

84 2115 199 2183 sed
243 2137 509 2206 semper
549 2115 787 2181 nomini
823 2126 1073 2184 tantum
1130 2116 1229 2183 vel
1270 2115 1446 2204 quod
1492 2116 1576 2184 ad
1628 2117 1799 2185 idem
1842 2118 2011 2186 redit
2052 2119 2381 2209 praeposi-

84 2232 238 2298 tioni
281 2231 442 2323 sine,
471 2229 596 2296 nlla
627 2252 789 2296 voce
827 2229 1039 2297 media
1080 2231 1382 2319 postponi
1426 2242 1656 2320 potest.
1741 2232 1887 2308 Qua
1929 2232 1992 2301 in
2035 2254 2109 2298 re
2150 2230 2380 2319 ingens

84 2357 398 2433 quantum
457 2343 719 2411 arabica
782 2343 1001 2432 lingua
1058 2344 1141 2409 ab
1200 2341 1787 2432 indo-germanica
1830 2344 2058 2427 distat,
2143 2346 2380 2435 quippe

85 2482 246 2546 qnae
293 2481 486 2526 casus
540 2458 887 2547 primitivos
932 2470 999 2526 et
1042 2457 1270 2526 multos
1330 2456 1599 2538 habeat,
1664 2456 1770 2546 qui
1813 2456 2033 2546 quovis
2080 2459 2378 2525 enuncia-

83 2574 267 2640 tionis
322 2573 472 2640 loco
514 2570 794 2640 dilucide
834 2582 1104 2661 possunt
1166 2569 1483 2638 collocari.
1587 2567 1845 2637 Deinde
1901 2569 2129 2638 eadem
2185 2578 2381 2640 causa

85 2685 628 2775 praepositionem
707 2686 798 2753 vis
853 2666 938 2754 ‘et
1006 2708 1161 2753 usus
1219 2684 1305 2750 ob
1366 2706 1630 2751 casuum
1694 2683 2020 2753 defectum
2082 2685 2380 2753 latissime

87 2812 315 2887 patens
355 2799 424 2865 in
454 2798 715 2866 arabica
758 2796 1032 2867 dialecto
1077 2799 1312 2866 mansit
1350 2797 1645 2882 fideliter3
1685 2820 1896 2888 neque
1940 2811 2039 2870 est
2063 2801 2376 2869 Arabibus

84 2913 329 2981 dativus
376 2912 612 2980 aliusve
655 2936 843 2982 casus
885 2913 1098 2983 similis
1142 2923 1343 2980 ortus.

245 3093 392 3164 Sed
435 3117 803 3184 quanquam
848 3093 1333 3165 fundamentum
1377 3095 1552 3165 haud
1595 3109 1694 3166 est
1733 3099 1799 3165 in
1841 3096 2116 3165 dialecto
2161 3096 2373 3165 cultis·
2394 3129 2505 3178 332

90 3212 234 3277 sima
291 3222 366 3279 et
431 3209 755 3277 uberrima
808 3210 1236 3279 labefactum:
1314 3223 1382 3278 at
1445 3210 1642 3280 multo
1706 3223 1921 3278 tamen
1981 3210 2374 3278 distinctiora

92 3324 291 3391 omnia
331 3324 402 3390 in
444 3325 524 3390 ea
563 3335 713 3391 sunt
754 3324 946 3392 facta.
1029 3324 1201 3391 Nam
1245 3324 1556 3393 vocalimn
1600 3326 1857 3395 nomina
1906 3324 2375 3392 terminantium

91 3439 487 3519 varietatem,
530 3460 700 3526 quae
741 3438 891 3506 oriri
932 3449 1183 3527 potest,
1226 3439 1380 3506 satis
1417 3462 1716 3527 magnam
1751 3437 1834 3506 ad
1866 3426 2189 3519 dimisa&
2232 3437 2372 3525 qui-
2406 3442 2420 3451 '

93 3553 196 3620 bns
239 3575 478 3619 nomen
522 3552 588 3618 in
635 3553 1082 3620 enunciatione
1125 3552 1276 3641 poni
1337 3562 1584 3640 potest,
1644 3555 1926 3620 rationes
1972 3562 2039 3619 et
2079 3550 2371 3617 notiones

95 3668 281 3751 probe
350 3664 839 3755 distinguendas
903 3665 1185 3736 traduxit
1242 3664 1466 3753 lingua
1532 3663 1875 3734 cultissima
1899 3718 1919 3748 ‚
1987 3680 2059 3735 ut
2114 3665 2368 3732 omuino

97 3778 390 3846 vocalium
444 3779 726 3847 finalium
784 3781 1056 3849 varietas
1107 3781 1465 3847 *formarum
1510 3779 1751 3847 notioni
1796 3804 1835 3848 e
1864 3780 2173 3870 junctura
2208 3801 2366 3866 pen-

96 3890 256 3961 denti
297 3892 626 3961 notandae
665 3894 921 3962 inservit
964 3891 1067 3983 (§.
1097 3891 1280 3978 162).
1389 3895 1597 3981 Atque
1648 3893 1745 3969 sic
1786 3916 1992 3959 casua
2035 3893 2159 3960 orti
2199 3903 2365 3971 sunt,

98 4004 144 4069 si
192 4005 276 4074 ita
329 4006 504 4075 hanc
557 4029 680 4096 pro
737 4009 1005 4076 nominis
1049 4006 1371 4097 junctura·
1410 4003 1723 4074 diversam
1777 4006 2369 4095 pronunciationem

203 4318 257 4380 ι)
292 4317 356 4369 ef.
393 4332 474 4384 gr.
512 4315 656 4370 hebr.
