2675 4692
324 295 425 373 66
1077 292 1195 363 De
1236 292 1611 365 literarum
1659 295 1864 391 serie.

2654 278 2656 337 ι

323 472 504 539 litera
557 473 655 541 vel
708 474 1012 562 expressa
1056 472 1156 540 vel
1208 471 1384 541 ha'ud
1423 473 1699 542 indicata
1715 507 1762 553 ,·
1802 473 1857 541 si
1898 493 2175 559 sequens
2219 495 2340 542 vox
2381 473 2603 563 spiritu
2655 442 2656 461 Χ

324 588 493 654 molli
552 600 570 669 ς
620 588 874 677 incipit,
942 599 1015 656 ut
1076 588 1307 655 vocalis
1370 599 1518 656 ante
1573 588 1742 656 hanc
1781 610 1941 656 sono
1984 589 2136 655 satis
2174 586 2498 676 producto
2542 600 2604 654 et

329 758 582 816 secreto
642 749 1103 838 pronuncietur
1159 748 1282 838 (cf.
1325 749 1714 817 contrarium
1767 745 1832 839 §.
1868 749 1994 815 120
2027 745 2140 834 b);
2197 760 2272 815 ut
2320 732 2425 861 ᾧ,
2469 715 2604 852 ἶῖῑς

694 892 721 906 -
767 866 799 909 ἰ
853 894 894 907 ...
955 876 1036 910 ω
1171 877 1206 912 ω
1306 895 1348 909 ...
1391 877 1463 910 ο
2531 870 2563 910 ὅ

300 920 424 1017 ΑΒ)
474 931 610 1029 ἐς,
668 925 785 1037 33l
839 922 1044 1014 ‹gs-11,
1119 920 1244 1073 &Gi
1302 928 1465 1039 {⁹⁰53
1518 934 1609 1027 ¹)

195 1110 299 1161 124
492 1094 604 1163 IV.
662 1095 768 1161 De
798 1095 1024 1187 juncto
1067 1120 1370 1165 sonorum
1411 1093 1886 1164 consonantium
1929 1106 1995 1164 et
2032 1095 2342 1164 vocalium
2381 1094 2607 1163 ordine
2655 1162 2656 1193 ἦ

323 1208 600 1297 primum
665 1210 791 1276 hoc
859 1214 1029 1280 venit
1089 1212 1437 1303 notandum
1453 1260 1473 1292 ,
1546 1231 1747 1297 aegre
1807 1209 2084 1277 solitarie
2132 1209 2324 1276 scribi
2381 1231 2608 1275 vocem
2655 1222 2656 1237 ¹

322 1325 454 1388 una
504 1332 752 1390 tantum
792 1322 972 1390 litera
1012 1336 1396 1393 contentam.
1505 1324 1718 1412 Igitur
1760 1322 2030 1410 copulae
2071 1335 2141 1389 et
2183 1323 2608 1411 praepositio·

324 1459 441 1504 nes
459 1484 480 1518 ,
545 1437 603 1504 si
643 1438 771 1503 una
809 1436 991 1505 litera
1034 1449 1361 1520 constant,
1426 1458 1680 1525 semper
1718 1435 1859 1503 voci
1899 1435 2190 1534 sequenti
2231 1435 2608 1525 praefigun-
2655 1524 2656 1531 ἵ

323 1560 463 1631 tur,
540 1550 595 1617 si
652 1548 903 1618 duabus
923 1600 943 1633 ,
1013 1550 1288 1619 solitarie
1346 1551 1743 1631 scribuntur;
1812 1549 2164 1638 imperativi
2205 1537 2268 1651 «ξ
2317 1561 2440 1616 etc.
2483 1550 2610 1636 (cf.
2655 1640 2656 1647 ἵ

324 1680 546 1769 L.11.)
589 1692 803 1748 tamen
847 1683 936 1749 ita
979 1683 1251 1772 praefigi
1293 1692 1636 1771 nequeunt,
1680 1702 2043 1770 quanquam
2078 1681 2334 1771 saepius
2357 1704 2484 1770 pro
2529 1682 2609 1759 ,fis

319 1782 402 1895 23·
449 1809 551 1903 (§.
572 1811 698 1900 84)
741 1814 1054 1883 scribitur.

496 1974 811 2044 Ceterum
865 1971 1184 2042 scribendi
1243 1969 1407 2038 ordo
1467 1993 1506 2036 a
1564 1932 1789 2041 dextra
1830 1971 2146 2041 sinistram
2192 1995 2415 2042 versus
2457 1997 2610 2063 pro-
2655 1972 2656 1987 ¹

327 2084 565 2155 cedens
609 2111 689 2154 ex
729 2088 1028 2177 antiquae
1071 2085 1428 2173 scripturae
1470 2088 1796 2155 semiticae
1837 2086 2050 2155 indole
2092 2089 2340 2155 mansit.
2424 2088 2610 2176 Ipsa-

326 2224 454 2291 que
497 2201 816 2268 scribendi
857 2198 1277 2291 perspicuitas
1318 2208 1393 2263 ut
1428 2201 1806 2267 vocabulum
1841 2202 1906 2267 in
1944 2196 2152 2266 lineae
2185 2201 2316 2266 fine
2352 2202 2611 2268 absolu·

325 2325 463 2381 tum
519 2313 600 2380 sit
651 2312 898 2380 suadet.
994 2313 1170 2379 Hinc
1189 2360 1209 2392 ,
1252 2311 1303 2378 si
1340 2311 1599 2378 nimium
1633 2324 1734 2380 cst
1778 2313 1982 2379 lineae
2028 2313 2340 2401 spatium,
2396 2314 2613 2382 litera-
2655 2324 2656 2349 ³

324 2449 468 2494 rum
531 2425 763 2496 ductus
826 2424 1209 2505 extendunt,
1297 2423 1353 2490 si
1405 2424 1585 2490 nimis
1640 2433 2021 2512 augustum,
2079 2426 2466 2493 contrahunt
2517 2428 2616 2494 vel
2655 2476 2656 2487 ,

325 2537 636 2639 reliquam
718 2538 1008 2606 vocabuli
1078 2548 1329 2627 partem
1385 2537 1698 2603 inversam
1757 2538 1824 2603 in
1879 2539 2081 2606 latere
2127 2538 2246 2604 vel.
2286 2561 2484 2628 supra
2541 2540 2616 2606 li-

208 2684 216 2693 ·
323 2675 513 2719 neam
580 2652 866 2719 scribunt
931 2662 1045 2719 aut
1108 2651 1433 2739 integrum
1491 2648 1868 2717 vocabulum
1931 2674 1972 2717 a
2025 2647 2234 2718 lineae
2285 2656 2618 2741 sequentis

244 2844 253 2853 ο
325 2766 503 2834 initio
544 2775 862 2854 repetunt.
894 2788 898 2797 ⁴
948 2764 1419 2853 Nonnunquam
1459 2773 1672 2828 tamen
1712 2762 2088 2829 vocabulum
2120 2764 2184 2829 in
2213 2763 2375 2833 duas
2413 2767 2619 2837 lineas

327 2880 594 2947 divisum
636 2878 1082 2968 deprehendas
1099 2928 1119 2959 ,
1162 2877 1462 2967 imprimis
1494 2875 1558 2940 in
1591 2875 2045 2963 antiquioribus
2094 2875 2240 2945 cdd.
2274 2891 2341 2947 et
2369 2882 2617 2950 culicis.

199 3034 305 3086 125
496 3015 879 3081 consonans
933 3011 1000 3076 in
1058 3009 1190 3075 fine
1243 3009 1522 3099 syllabae
1565 3005 1650 3073 ad
1719 3021 2177 3077 consonantem
2233 3027 2622 3102 sequentem

308 3150 349 3192 e
390 3124 776 3216 syllabarum
821 3123 1071 3192 ratione
1123 3120 1309 3189 altius
1348 3132 1417 3188 et
1461 3121 1687 3188 fortius
1735 3121 2019 3190 auditam
2075 3122 2250 3192 allisa
2294 3149 2446 3193 cum
2488 3127 2618 3194 hac
2655 3154 2656 3217 3

327 3258 692 3324 congruere
772 3237 871 3304 vel
931 3235 1297 3304 coalescere
1359 3234 1612 3315 nititur,
1702 3234 2003 3303 invitante
2067 3239 2243 3306 vocis
2311 3240 2656 3310 facilitate

324 3349 480 3438 ipsa.
579 3348 682 3416 Ita
739 3349 818 3436 1)
859 3362 892 3415 t
933 3370 1136 3437 aegre
1175 3358 1324 3415 ante
1365 3371 1400 3412 s
1439 3346 1932 3480 pronunciatur,
1997 3361 2071 3418 ut
2112 3352 2362 3420 mollior
2400 3356 2618 3444 potius

329 3530 525 3577 sonus
579 3519 1045 3599 praeponatur,
1102 3505 1270 3574 velut
1314 3529 1393 3573 ex
1411 3520 1555 3587 yu-
1597 3517 1664 3574 et
1705 3490 1841 3559 ‘2³
1824 3492 2093 3589 -jwul
2072 3550 2094 3588 2
2151 3509 2327 3580 idem
2369 3511 2459 3579 de
2507 3537 2618 3582 so·

324 3668 422 3741 nis
474 3668 775 3736 similibus
811 3676 847 3720 3
907 3678 976 3735 et
1028 3657 1081 3719 «Β
1124 3665 1307 3733 valet.
1362 3699 1450 3713 ——-
1530 3665 1613 3752 2)
1653 3664 1818 3734 Post
1854 3676 1916 3749 j
1991 3670 2088 3735 sic
2170 3674 2620 3762 praepositum

324 3780 559 3849 radicis
646 3777 966 3849 accedens
1059 3776 1233 3845 initio
1335 3778 1403 3830 ὗ
1469 3776 1535 3843 in
1604 3786 1677 3837 δ’
1762 3789 1911 3869 post
1965 3798 2060 3857 υο
2131 3807 2189 3851 v.
2263 3783 2353 3860 υὸ
2419 3789 2484 3854 in
2561 3768 2656 3842 ,Β

327 3894 555 3963 transit
571 3944 592 3979 ,
631 3905 707 3963 ut
751 3916 947 3961 sonus
988 3891 1078 3958 ita
1119 3890 1458 3978 peculiaris
1501 3900 1568 3957 et
1610 3888 1944 3967 distinctus
1989 3908 2251 3966 maneat
2291 3899 2358 3966 iu
2401 3899 2622 3970 litera-

326 4075 510 4134 rum,
583 4074 748 4141 quae
813 4047 1110 4118 facienda
1168 4060 1302 4131 oet,
1373 4046 1714 4115 concordia
1770 4046 1872 4139 (g.
1914 4050 2021 4117 44.
2058 4055 2222 4142 52),
2281 4030 2354 4127 [η
2415 4003 2572 4162 {lg}
2599 4080 2656 4139 ,π

430 4254 491 4327 1)
542 4253 669 4306 baec
717 4253 973 4320 scriptura
1022 4253 1075 4303 in
1121 4251 1332 4303 Korano
1368 4249 1759 4315 Petropolitano
1795 4252 2040 4317 religiose
2076 4261 2332 4308 servatur.
2403 4257 2485 4308 De
2518 4272 2623 4311 oe-

534 4344 661 4395 teris
696 4342 762 4395 cf.
805 4344 928 4396 Not.
967 4349 1022 4394 et
1056 4340 1207 4393 Extr.
1244 4338 1309 4389 Τ.
1344 4341 1396 4389 8.
1431 4355 1483 4404 p.
1516 4342 1625 4391 314
1661 4355 1738 4406 sq.
1791 4340 1854 4393 T.
1881 4346 1932 4394 9.
1970 4360 2022 4411 p.
2045 4348 2269 4398 88-90.
