2675 4692
565 316 683 387 De
733 341 999 413 genere
1048 340 1355 390 numero
1405 330 1479 389 et
1521 325 1922 394 nominum.
2231 336 2379 408 171
2482 294 2495 307 ’

261 498 370 566 Ad
407 510 710 567 neutrum
753 501 955 568 forma
995 499 1519 589 distinguendum
1576 527 1788 595 neque
1845 504 2106 597 antiqua
2160 506 2385 596 lingua
2401 519 2513 569 290

100 614 388 681 sunium
430 636 645 702 neque
684 614 944 682 arabica
984 615 1281 683 surrexit.
1368 617 1579 705 Igitur
1623 640 1770 685 cum
1813 641 2008 686 masc.
2052 631 2297 690 tantum
2320 635 2389 691 et

101 726 244 794 sem.
302 727 429 794 sibi
480 728 607 794 sint
648 728 977 817 opposita,
1031 750 1189 795 msc.
1232 738 1446 797 autem
1484 730 1838 819 proximum
1882 756 2137 824 semper
2174 756 2387 823 genus

102 841 180 909 sit
237 862 371 907 nec
421 840 867 910 terminatione
909 839 1271 908 distinctum
1292 891 1311 923 ‚
1354 841 1695 910 videndum
1733 856 1832 912 est
1870 869 2205 937 quousque
2246 849 2385 916 soe-

104 955 317 1021 minini
371 954 474 1020 vel
532 977 756 1023 sensus
811 965 880 1021 et
922 955 1307 1023 constructio
1350 956 1449 1022 vel
1494 956 1700 1024 forma
1738 980 1996 1046 quoque
2040 960 2387 1028 extendan-

105 1080 221 1136 tur.
328 1067 459 1135 Est
517 1080 731 1136 autem
793 1068 1114 1135 foeminini
1172 1092 1398 1138 sensus
1450 1081 1518 1139 et
1557 1094 1711 1139 usus
1750 1070 1817 1137 in
1864 1072 2226 1141 universum
2268 1074 2386 1141 du-

101 1181 264 1270 plex.
356 1181 534 1249 Alter
576 1183 802 1250 natura
841 1181 976 1271 ipsa
1019 1181 1268 1250 datus
1250 1207 1316 1251 m
1357 1185 1551 1251 rebus
1594 1185 1782 1253 vivis·
1763 1237 1783 1269 ,
1839 1182 1999 1251 alter
2039 1207 2118 1250 ex
2165 1186 2387 1253 foemi-

107 1298 230 1363 nini
278 1297 613 1386 conspicui
657 1297 803 1365 idea
844 1297 1199 1380 derivatus,
1245 1309 1321 1366 ut
1360 1298 1415 1365 si
1455 1298 1649 1364 rebus
1693 1296 1867 1364 haud
1900 1297 2245 1368 viventibus
2280 1313 2391 1370 aut

106 1410 414 1498 cogitatis
471 1423 717 1495 tantum
775 1437 856 1479 ex
916 1412 1063 1479 idea
1104 1412 1231 1480 hac
1274 1410 1463 1479 soem.
1506 1410 1805 1480 tribuitur
1842 1434 2070 1500 genus.
2180 1414 2387 1483 Meta-

103 1525 412 1613 pboricus
479 1549 633 1594 usus
687 1525 986 1595 latissime
1039 1538 1266 1616 patens
1325 1525 1756 1614 antiquissimo
1798 1525 2058 1613 linguae
2098 1536 2391 1618 tempore

104 1649 283 1706 ortus
343 1650 446 1706 est
501 1663 581 1707 ex
643 1662 866 1709 sensus
931 1662 1123 1731 quem
1182 1662 1291 1707 res
1349 1652 1649 1709 externae
1687 1651 1756 1708 et
1795 1641 2121 1729 cogitatae
2168 1665 2390 1709 omnes

103 1752 166 1817 in
205 1751 440 1819 animis
494 1753 895 1835 excitabant,
952 1751 1351 1819 vividissimo.
1465 1754 1555 1823 Et
1602 1775 1964 1843 quanquam
2008 1755 2211 1823 serius
2268 1780 2390 1824 usu

102 1876 350 1933 tantum
412 1874 481 1932 et
535 1888 717 1934 more
777 1865 1282 1956 metaphoricum
1325 1889 1536 1955 genus
1581 1878 2029 1948 conservatur,
2095 1867 2388 1957 primitus

99 1991 320 2046 tamen
377 2001 508 2044 non
568 2001 757 2062 casu,
814 1979 931 2048 sed
972 1980 1354 2048 necessitate
1399 1981 1678 2070 quadam
1720 1995 1786 2051 et
1823 2004 2016 2048 sensu
2063 1982 2386 2049 verissimo

101 2091 449 2160 discrimen
493 2094 683 2160 soem.
727 2094 967 2161 sactum
1011 2115 1156 2160 esse
1197 2115 1548 2164 consensus
1579 2095 1718 2187 jam
1763 2095 2050 2184 gentium
2099 2096 2393 2162 universe

103 2207 494 2296 conspicuus
536 2208 784 2297 probat.
870 2208 1102 2278 Varius
1144 2216 1361 2274 autem
1403 2220 1472 2277 et
1510 2208 1833 2299 multiplex
1875 2218 1975 2274 est
2019 2229 2246 2275 seusus
2284 2208 2395 2298 qul
2450 2233 2459 2243 ⁴

100 2320 184 2388 ad
225 2322 431 2388 soem.
497 2345 579 2388 ex
633 2321 778 2387 idea
817 2317 1189 2410 ponendum
1231 2315 1442 2384 duxit:
1507 2315 1582 2403 1)
1622 2338 1726 2383 res
1765 2317 1940 2383 haud
1978 2318 2201 2387 *vivens
2244 2344 2393 2389 cum

101 2446 310 2503 matre
364 2445 480 2502 aut
540 2434 813 2502 foemina
870 2433 1217 2501 confertur.
1327 2429 1430 2495 Ita
1474 2438 1669 2493 terra
1712 2441 1917 2498 mater
1956 2432 2088 2499 visa
2133 2445 2234 2502 est
2274 2435 2392 2501 ho-

103 2548 344 2615 minum
386 2547 698 2627 filiorum,
738 2557 814 2614 ut
851 2549 1006 2614 urbs
1052 2544 1439 2628 incolarum3
1482 2555 1678 2633 atque
1720 2546 1869 2612 hinc
1910 2546 2224 2621 Arabibus
2264 2570 2394 2616 non

105 2672 337 2726 terrae
384 2671 637 2728 tantum
681 2672 746 2729 et
789 2658 985 2724 urbis
1029 2662 1339 2751 cujusque
1378 2661 1631 2727 nomina
1675 2659 1865 2726 soem.
1912 2671 2097 2742 sunt,
2151 2660 2269 2729 sed
2314 2685 2395 2730 ex

106 2774 389 2860 cognata
448 2774 711 2841 notione
747 2771 1163 2862 populorum
1205 2775 1396 2840 etiam
1441 2785 1506 2841 et
1550 2771 1899 2855 tribuum,
1962 2784 2187 2862 utpote
2229 2798 2398 2864 quae

105 2896 342 2952 terram
398 2885 585 2953 simul
639 2909 756 2954 seu
808 2884 1143 2974 regionem
1189 2885 1500 2954 denotare
1541 2897 1826 2975 possunt.
1941 2885 2022 2975 2)
2065 2886 2214 2954 dein
2258 2888 2395 2954 soe-

105 2988 413 3066 mininum
480 2997 750 3069 debilius
827 2999 1140 3069 denotans
1209 2997 1295 3067 ad
1353 2998 1478 3065 vim
1538 2996 1714 3064 haud
1780 2997 1976 3065 visam
2032 3011 2099 3066 et
2141 3002 2394 3069 occulto

107 3125 415 3202 agentem
467 3114 775 3182 translata
831 3127 969 3198 est3
1025 3114 1307 3183 similiter
1351 3135 1545 3203 porro
1589 3110 1673 3177 ad
1715 3133 1821 3179 res
1868 3110 2146 3179 dominio
2192 3114 2393 3181 homi-

106 3228 189 3295 nis
234 3229 606 3319 subjectas,
650 3241 722 3296 ut
765 3229 1051 3318 eorporis
1087 3227 1411 3307 membra,
1454 3224 1871 3293 instrumenta
1912 3226 2122 3307 varia,
2185 3225 2393 3294 domi-

108 3342 269 3424 cilia,
335 3341 671 3424 utensilia3
732 3341 1007 3430 denique
1069 3341 1156 3408 ad
1193 3363 1332 3408 rem
1378 3363 1459 3406 ex
1512 3339 1700 3429 copia
1755 3334 2031 3426 quadam
2075 3339 2393 3427 singulam

108 3468 166 3522 ut
201 3456 593 3546 particulam
636 3455 1006 3523 debiliorem
1054 3453 1540 3544 designandam.
1640 3440 1977 3527 Quaedam
2021 3464 2087 3521 et
2128 3456 2213 3520 ob
2257 3477 2393 3520 me-

109 3571 509 3660 tapboricum
551 3592 739 3637 usum
778 3570 845 3634 in
892 3569 1213 3636 diversum
1257 3568 1405 3634 sem.
1448 3587 1657 3654 genus
1703 3575 2050 3632 transeunt.
2152 3565 2235 3653 3)
2275 3567 2392 3635 sed

110 3680 428 3771 inprimis·
454 3682 646 3749 soem.
688 3681 1046 3750 terminatio
1088 3680 1351 3748 inservit
1406 3690 1653 3745 neutro
1697 3689 1920 3746 nostro
1960 3679 2282 3764 notando,
2327 3692 2395 3749 et

115 3793 330 3866 debinc
380 3794 776 3874 abstracto,
817 3795 1011 3861 rebus
1054 3793 1321 3881 singulis
1362 3792 1513 3860 vivis
1554 3792 1851 3883 opposito
1897 3791 1990 3880 ¹).

261 3973 326 4039 1.
373 3970 517 4037 Res
560 3967 816 4056 singula
856 3966 911 4035 si
956 3990 995 4034 e
1036 3938 1246 4035 sensu·
1273 3964 1356 4033 ad
1394 3966 1585 4033 soem.
1618 3987 1830 4054 genus
1861 3966 2176 4049 refertur,
2219 3965 2395 4035 haud
2411 3997 2509 4047 291

117 4104 368 4154 necesse
429 4094 535 4151 est
588 4093 663 4150 ut
727 4080 1086 4150 terminatio
1150 4081 1275 4148 etia
1344 4078 1533 4145 soem.
1594 4076 1885 4163 accedat.
2008 4082 2148 4150 Imo
2200 4105 2394 4150 voces

206 4347 268 4415 1)
306 4344 476 4399 fusius
515 4342 646 4397 baec
682 4341 919 4412 exposita
954 4358 1003 4394 v.
1045 4343 1099 4395 in
1133 4358 1210 4409 gr.
1251 4341 1398 4396 hebr.
