<?xml version="1.0" encoding="UTF-8"?>
<!DOCTYPE html PUBLIC "-//W3C//DTD XHTML 1.0 Transitional//EN"
    "http://www.w3.org/TR/xhtml1/DTD/xhtml1-transitional.dtd">
<html xmlns="http://www.w3.org/1999/xhtml" xml:lang="en" lang="en">
 <head>
  <title>
</title>
<meta http-equiv="Content-Type" content="text/html;charset=utf-8" />
  <meta name='ocr-system' content='tesseract 3.04.00' />
  <meta name='ocr-capabilities' content='ocr_page ocr_carea ocr_par ocr_line ocrx_word'/>
</head>
<body>
  <div class='ocr_page' id='page_1' title='image "./geohenriciaugew00ewalgoog_0351.png"; bbox 0 0 2675 4692; ppageno 0'>
   <div class='ocr_carea' id='block_1_1' title="bbox 833 324 2341 421">
    <p class='ocr_par' dir='ltr' id='par_1_1' title="bbox 833 324 2341 421">
     <span class='ocr_line' id='line_1_1' title="bbox 833 324 2341 421; baseline 0.015 -29"><span class='ocrx_word' id='word_1_1' title='bbox 833 324 948 393; x_wconf 72' lang='lat' dir='ltr'><strong>De</strong></span> <span class='ocrx_word' id='word_1_2' title='bbox 998 326 1569 421; x_wconf 79' lang='lat' dir='ltr'><strong>pronominibus.</strong></span> <span class='ocrx_word' id='word_1_3' title='bbox 2189 342 2341 413; x_wconf 89' lang='grc'><strong>333</strong></span> 
     </span>
    </p>
   </div>
   <div class='ocr_carea' id='block_1_2' title="bbox 97 505 2347 714">
    <p class='ocr_par' dir='ltr' id='par_1_2' title="bbox 97 505 2347 714">
     <span class='ocr_line' id='line_1_2' title="bbox 97 505 2341 582; baseline 0.001 -7"><span class='ocrx_word' id='word_1_4' title='bbox 97 507 363 582; x_wconf 83' lang='lat' dir='ltr'><strong>deretur,</strong></span> <span class='ocrx_word' id='word_1_5' title='bbox 417 505 924 575; x_wconf 79' lang='lat' dir='ltr'><strong>demonstrativis</strong></span> <span class='ocrx_word' id='word_1_6' title='bbox 967 528 1084 575; x_wconf 88' lang='lat' dir='ltr'><strong>usa</strong></span> <span class='ocrx_word' id='word_1_7' title='bbox 1119 520 1218 576; x_wconf 84' lang='lat' dir='ltr'><strong>est</strong></span> <span class='ocrx_word' id='word_1_8' title='bbox 1258 507 1407 576; x_wconf 85' lang='lat' dir='ltr'><strong>huic</strong></span> <span class='ocrx_word' id='word_1_9' title='bbox 1450 511 1591 578; x_wconf 89' lang='lat' dir='ltr'><strong>usui</strong></span> <span class='ocrx_word' id='word_1_10' title='bbox 1638 510 1822 579; x_wconf 84' lang='lat' dir='ltr'><strong>facile</strong></span> <span class='ocrx_word' id='word_1_11' title='bbox 1862 511 2126 580; x_wconf 80' lang='lat' dir='ltr'><strong>idoneis.</strong></span> <span class='ocrx_word' id='word_1_12' title='bbox 2215 514 2341 578; x_wconf 83' lang='lat' dir='ltr'><strong>Ex-</strong></span> 
     </span>
     <span class='ocr_line' id='line_1_3' title="bbox 100 619 2347 714; baseline 0.001 -25"><span class='ocrx_word' id='word_1_13' title='bbox 100 621 251 689; x_wconf 79' lang='lat' dir='ltr'><strong>clusa</strong></span> <span class='ocrx_word' id='word_1_14' title='bbox 288 632 537 691; x_wconf 82' lang='lat' dir='ltr'><strong>tantum</strong></span> <span class='ocrx_word' id='word_1_15' title='bbox 580 632 730 689; x_wconf 87' lang='lat' dir='ltr'><strong>sunt</strong></span> <span class='ocrx_word' id='word_1_16' title='bbox 774 619 1270 690; x_wconf 84' lang='lat' dir='ltr'><strong>demonstrativa</strong></span> <span class='ocrx_word' id='word_1_17' title='bbox 1313 624 1567 714; x_wconf 80' lang='lat' dir='ltr'><strong>exculta</strong></span> <span class='ocrx_word' id='word_1_18' title='bbox 1609 647 1876 713; x_wconf 87' lang='lat' dir='ltr'><strong>prorsus</strong></span> <span class='ocrx_word' id='word_1_19' title='bbox 1924 638 1989 695; x_wconf 90' lang='lat' dir='ltr'><strong>et</strong></span> <span class='ocrx_word' id='word_1_20' title='bbox 2050 627 2347 694; x_wconf 84' lang='lat' dir='ltr'><strong>distincta</strong></span> 
     </span>
    </p>
   </div>
   <div class='ocr_carea' id='block_1_3' title="bbox 94 779 2344 911">
    <p class='ocr_par' dir='ltr' id='par_1_3' title="bbox 94 779 2344 911">
     <span class='ocr_line' id='line_1_4' title="bbox 94 779 2344 911; baseline 0.006 -43"><span class='ocrx_word' id='word_1_21' title='bbox 94 795 205 862; x_wconf 58' lang='grc' dir='ltr'><strong>ΠΜ</strong></span> <span class='ocrx_word' id='word_1_22' title='bbox 240 820 307 876; x_wconf 77' lang='lat' dir='ltr'><strong>et</strong></span> <span class='ocrx_word' id='word_1_23' title='bbox 346 793 494 911; x_wconf 49' lang='lat'><strong>«55:⁶³</strong></span> <span class='ocrx_word' id='word_1_24' title='bbox 517 779 731 891; x_wconf 61' lang='lat' dir='ltr'><strong>(esi-3)</strong></span> <span class='ocrx_word' id='word_1_25' title='bbox 769 830 1092 897; x_wconf 84' lang='lat' dir='ltr'><strong>nunquam</strong></span> <span class='ocrx_word' id='word_1_26' title='bbox 1133 809 1376 878; x_wconf 73' lang='lat' dir='ltr'><strong>relativi</strong></span> <span class='ocrx_word' id='word_1_27' title='bbox 1416 812 1688 880; x_wconf 88' lang='lat' dir='ltr'><strong>notionis</strong></span> <span class='ocrx_word' id='word_1_28' title='bbox 1738 824 1813 880; x_wconf 80' lang='lat' dir='ltr'><strong>et</strong></span> <span class='ocrx_word' id='word_1_29' title='bbox 1865 805 2192 903; x_wconf 71' lang='lat' dir='ltr'><strong>positionis</strong></span> <span class='ocrx_word' id='word_1_30' title='bbox 2236 837 2344 880; x_wconf 87' lang='lat' dir='ltr'><strong>ca-</strong></span> 
     </span>
    </p>
   </div>
   <div class='ocr_carea' id='block_1_4' title="bbox 91 973 2348 1108">
    <p class='ocr_par' dir='ltr' id='par_1_4' title="bbox 91 973 2348 1108">
     <span class='ocr_line' id='line_1_5' title="bbox 91 973 2348 1108; baseline 0.002 -26"><span class='ocrx_word' id='word_1_31' title='bbox 91 1015 268 1102; x_wconf 83' lang='lat' dir='ltr'><strong>pacia.</strong></span> <span class='ocrx_word' id='word_1_32' title='bbox 375 1014 510 1083; x_wconf 88' lang='lat' dir='ltr'><strong>Sed</strong></span> <span class='ocrx_word' id='word_1_33' title='bbox 566 973 631 1070; x_wconf 50' lang='lat' dir='ltr'><strong>tf,</strong></span> <span class='ocrx_word' id='word_1_34' title='bbox 685 1026 831 1104; x_wconf 87' lang='lat' dir='ltr'><strong>post</strong></span> <span class='ocrx_word' id='word_1_35' title='bbox 884 1014 1406 1102; x_wconf 81' lang='lat' dir='ltr'><strong>interrogativum</strong></span> <span class='ocrx_word' id='word_1_36' title='bbox 1455 1041 1905 1108; x_wconf 88' lang='lat' dir='ltr'><strong>nonnunquam</strong></span> <span class='ocrx_word' id='word_1_37' title='bbox 1948 1019 2043 1086; x_wconf 91' lang='lat' dir='ltr'><strong>sic</strong></span> <span class='ocrx_word' id='word_1_38' title='bbox 2085 1018 2348 1086; x_wconf 85' lang='lat' dir='ltr'><strong>demon-</strong></span> 
     </span>
    </p>
   </div>
   <div class='ocr_carea' id='block_1_5' title="bbox 93 1151 2465 1484">
    <p class='ocr_par' dir='ltr' id='par_1_5' title="bbox 93 1151 2465 1484">
     <span class='ocr_line' id='line_1_6' title="bbox 94 1151 2465 1303; baseline -0.001 -30"><span class='ocrx_word' id='word_1_39' title='bbox 94 1204 309 1273; x_wconf 82' lang='lat' dir='ltr'><strong>strativi</strong></span> <span class='ocrx_word' id='word_1_40' title='bbox 353 1202 537 1271; x_wconf 90' lang='lat' dir='ltr'><strong>simul</strong></span> <span class='ocrx_word' id='word_1_41' title='bbox 579 1227 659 1271; x_wconf 91' lang='lat' dir='ltr'><strong>ac</strong></span> <span class='ocrx_word' id='word_1_42' title='bbox 700 1204 942 1273; x_wconf 80' lang='lat' dir='ltr'><strong>relativi</strong></span> <span class='ocrx_word' id='word_1_43' title='bbox 982 1215 1198 1295; x_wconf 80' lang='lat' dir='ltr'><strong>partes</strong></span> <span class='ocrx_word' id='word_1_44' title='bbox 1242 1206 1547 1297; x_wconf 79' lang='lat' dir='ltr'><strong>suscipit,</strong></span> <span class='ocrx_word' id='word_1_45' title='bbox 1618 1219 1691 1276; x_wconf 90' lang='lat' dir='ltr'><strong>ut</strong></span> <span class='ocrx_word' id='word_1_46' title='bbox 1731 1165 1920 1303; x_wconf 41' lang='grc' dir='ltr'><strong>ἆῤ</strong></span> <span class='ocrx_word' id='word_1_47' title='bbox 1959 1165 2026 1261; x_wconf 58' lang='lat' dir='ltr'><strong>lg</strong></span> <span class='ocrx_word' id='word_1_48' title='bbox 2061 1151 2163 1286; x_wconf 54' lang='lat' dir='ltr'><strong>g:</strong></span> <span class='ocrx_word' id='word_1_49' title='bbox 2196 1209 2348 1297; x_wconf 81' lang='lat' dir='ltr'><strong>quis</strong></span> <span class='ocrx_word' id='word_1_50' title='bbox 2454 1207 2465 1222; x_wconf 88' lang='lat'><strong><em>‘</em></strong></span> 
     </span>
     <span class='ocr_line' id='line_1_7' title="bbox 93 1340 2349 1484; baseline 0.001 -26"><span class='ocrx_word' id='word_1_51' title='bbox 93 1396 142 1458; x_wconf 74' lang='lat' dir='ltr'><strong>is</strong></span> <span class='ocrx_word' id='word_1_52' title='bbox 192 1391 369 1484; x_wconf 82' lang='lat' dir='ltr'><strong>(est)</strong></span> <span class='ocrx_word' id='word_1_53' title='bbox 427 1392 550 1482; x_wconf 78' lang='lat' dir='ltr'><strong>qui</strong></span> <span class='ocrx_word' id='word_1_54' title='bbox 609 1393 677 1458; x_wconf 77' lang='lat' dir='ltr'><strong>te</strong></span> <span class='ocrx_word' id='word_1_55' title='bbox 728 1393 1134 1482; x_wconf 75' lang='lat' dir='ltr'><strong>percussit?</strong></span> <span class='ocrx_word' id='word_1_56' title='bbox 1189 1393 1375 1461; x_wconf 87' lang='lat' dir='ltr'><strong>Voce</strong></span> <span class='ocrx_word' id='word_1_57' title='bbox 1419 1393 1596 1460; x_wconf 86' lang='lat' dir='ltr'><strong>simili</strong></span> <span class='ocrx_word' id='word_1_58' title='bbox 1630 1340 1714 1473; x_wconf 61' lang='grc' dir='ltr'><strong>,Ξ</strong></span> <span class='ocrx_word' id='word_1_59' title='bbox 1755 1395 1995 1462; x_wconf 85' lang='lat' dir='ltr'><strong>Arabes</strong></span> <span class='ocrx_word' id='word_1_60' title='bbox 2038 1392 2349 1483; x_wconf 87' lang='lat' dir='ltr'><strong>quosdam</strong></span> 
     </span>
    </p>
   </div>
   <div class='ocr_carea' id='block_1_6' title="bbox 90 1521 2347 1611">
    <p class='ocr_par' dir='ltr' id='par_1_6' title="bbox 90 1521 2347 1611">
     <span class='ocr_line' id='line_1_8' title="bbox 90 1521 2347 1611; baseline 0 -19"><span class='ocrx_word' id='word_1_61' title='bbox 90 1526 330 1594; x_wconf 79' lang='lat' dir='ltr'><strong>relativo</strong></span> <span class='ocrx_word' id='word_1_62' title='bbox 377 1547 576 1593; x_wconf 89' lang='lat' dir='ltr'><strong>sensu</strong></span> <span class='ocrx_word' id='word_1_63' title='bbox 619 1525 730 1611; x_wconf 90' lang='lat' dir='ltr'><strong>(ut</strong></span> <span class='ocrx_word' id='word_1_64' title='bbox 763 1522 867 1610; x_wconf 65' lang='grc' dir='ltr'><strong>Ἠ)</strong></span> <span class='ocrx_word' id='word_1_65' title='bbox 910 1521 1000 1591; x_wconf 89' lang='lat' dir='ltr'><strong>uti</strong></span> <span class='ocrx_word' id='word_1_66' title='bbox 1016 1570 1036 1603; x_wconf 84' lang='lat'><strong>‚</strong></span> <span class='ocrx_word' id='word_1_67' title='bbox 1078 1523 1326 1594; x_wconf 85' lang='lat' dir='ltr'><strong>Kamus</strong></span> <span class='ocrx_word' id='word_1_68' title='bbox 1369 1536 1659 1594; x_wconf 85' lang='lat' dir='ltr'><strong>testatur.</strong></span> <span class='ocrx_word' id='word_1_69' title='bbox 1744 1524 1979 1594; x_wconf 86' lang='lat' dir='ltr'><strong>Eidem</strong></span> <span class='ocrx_word' id='word_1_70' title='bbox 2019 1527 2161 1594; x_wconf 88' lang='lat' dir='ltr'><strong>usui</strong></span> <span class='ocrx_word' id='word_1_71' title='bbox 2195 1526 2347 1593; x_wconf 83' lang='lat' dir='ltr'><strong>arti-</strong></span> 
     </span>
    </p>
   </div>
   <div class='ocr_carea' id='block_1_7' title="bbox 94 1653 2354 2029">
    <p class='ocr_par' dir='ltr' id='par_1_7' title="bbox 94 1653 2354 2029">
     <span class='ocr_line' id='line_1_9' title="bbox 94 1653 2354 1809; baseline -0.001 -29"><span class='ocrx_word' id='word_1_72' title='bbox 94 1713 250 1781; x_wconf 80' lang='lat' dir='ltr'><strong>culus</strong></span> <span class='ocrx_word' id='word_1_73' title='bbox 314 1735 572 1802; x_wconf 87' lang='lat' dir='ltr'><strong>quoque</strong></span> <span class='ocrx_word' id='word_1_74' title='bbox 620 1653 679 1776; x_wconf 58' lang='lat'><strong>33</strong></span> <span class='ocrx_word' id='word_1_75' title='bbox 732 1711 990 1780; x_wconf 82' lang='lat' dir='ltr'><strong>inservit</strong></span> <span class='ocrx_word' id='word_1_76' title='bbox 1044 1712 1247 1800; x_wconf 88' lang='lat' dir='ltr'><strong>poetis</strong></span> <span class='ocrx_word' id='word_1_77' title='bbox 1291 1712 1565 1777; x_wconf 82' lang='lat' dir='ltr'><strong>maxime</strong></span> <span class='ocrx_word' id='word_1_78' title='bbox 1624 1712 1736 1799; x_wconf 87' lang='lat' dir='ltr'><strong>(ut</strong></span> <span class='ocrx_word' id='word_1_79' title='bbox 1780 1655 2042 1792; x_wconf 46' lang='lat' dir='ltr'><strong>22ss</strong></span> <span class='ocrx_word' id='word_1_80' title='bbox 2098 1655 2354 1809; x_wconf 43' lang='lat'><strong>9235</strong></span> 
     </span>
     <span class='ocr_line' id='line_1_10' title="bbox 96 1819 2350 1916; baseline 0.002 -25"><span class='ocrx_word' id='word_1_81' title='bbox 96 1829 276 1912; x_wconf 73' lang='lat' dir='ltr'><strong>cajus</strong></span> <span class='ocrx_word' id='word_1_82' title='bbox 311 1825 669 1911; x_wconf 80' lang='lat' dir='ltr'><strong>judicium</strong></span> <span class='ocrx_word' id='word_1_83' title='bbox 702 1825 940 1912; x_wconf 81' lang='lat' dir='ltr'><strong>placet</strong></span> <span class='ocrx_word' id='word_1_84' title='bbox 984 1819 1197 1893; x_wconf 86' lang='lat' dir='ltr'><strong>G&#39;erir</strong></span> <span class='ocrx_word' id='word_1_85' title='bbox 1236 1827 1303 1891; x_wconf 90' lang='lat' dir='ltr'><strong>in</strong></span> <span class='ocrx_word' id='word_1_86' title='bbox 1348 1826 1497 1893; x_wconf 89' lang='lat' dir='ltr'><strong>Sac.</strong></span> <span class='ocrx_word' id='word_1_87' title='bbox 1526 1826 1697 1893; x_wconf 89' lang='lat' dir='ltr'><strong>anth.</strong></span> <span class='ocrx_word' id='word_1_88' title='bbox 1733 1849 1799 1915; x_wconf 85' lang='lat' dir='ltr'><strong>p.</strong></span> <span class='ocrx_word' id='word_1_89' title='bbox 1824 1825 1977 1910; x_wconf 81' lang='lat'><strong>456,</strong></span> <span class='ocrx_word' id='word_1_90' title='bbox 2022 1826 2177 1914; x_wconf 85' lang='lat'>15),</span> <span class='ocrx_word' id='word_1_91' title='bbox 2222 1851 2350 1916; x_wconf 85' lang='lat' dir='ltr'><strong>quo</strong></span> 
     </span>
     <span class='ocr_line' id='line_1_11' title="bbox 97 1938 2351 2029; baseline 0 -22"><span class='ocrx_word' id='word_1_92' title='bbox 97 1939 168 2007; x_wconf 87' lang='lat' dir='ltr'><strong>de</strong></span> <span class='ocrx_word' id='word_1_93' title='bbox 204 1940 467 2007; x_wconf 83' lang='lat' dir='ltr'><strong>uberius</strong></span> <span class='ocrx_word' id='word_1_94' title='bbox 511 1938 790 2029; x_wconf 82' lang='lat' dir='ltr'><strong>syntaxis</strong></span> <span class='ocrx_word' id='word_1_95' title='bbox 823 1949 997 2025; x_wconf 83' lang='lat' dir='ltr'><strong>aget.</strong></span> <span class='ocrx_word' id='word_1_96' title='bbox 1087 1939 1224 2007; x_wconf 86' lang='lat' dir='ltr'><strong>Sed</strong></span> <span class='ocrx_word' id='word_1_97' title='bbox 1255 1939 1517 2007; x_wconf 83' lang='lat' dir='ltr'><strong>relativo</strong></span> <span class='ocrx_word' id='word_1_98' title='bbox 1552 1939 1905 2007; x_wconf 84' lang='lat' dir='ltr'><strong>distinctius</strong></span> <span class='ocrx_word' id='word_1_99' title='bbox 1942 1941 2351 2028; x_wconf 79' lang='lat' dir='ltr'><strong>exprimendo</strong></span> 
     </span>
    </p>
   </div>
   <div class='ocr_carea' id='block_1_8' title="bbox 1146 2067 1178 2080">
    <p class='ocr_par' dir='ltr' id='par_1_8' title="bbox 1146 2067 1178 2080">
     <span class='ocr_line' id='line_1_12' title="bbox 1146 2067 1178 2080; baseline 0 -2"><span class='ocrx_word' id='word_1_100' title='bbox 1146 2067 1178 2080; x_wconf 58' lang='grc' dir='ltr'><strong>ρ</strong></span> 
     </span>
    </p>
   </div>
   <div class='ocr_carea' id='block_1_9' title="bbox 98 2083 2355 2228">
    <p class='ocr_par' dir='ltr' id='par_1_9' title="bbox 98 2083 2355 2228">
     <span class='ocr_line' id='line_1_13' title="bbox 98 2083 2355 2228; baseline 0.001 -35"><span class='ocrx_word' id='word_1_101' title='bbox 98 2141 222 2196; x_wconf 82' lang='lat' dir='ltr'><strong>orta</strong></span> <span class='ocrx_word' id='word_1_102' title='bbox 275 2136 378 2205; x_wconf 82' lang='lat' dir='ltr'><strong>est</strong></span> <span class='ocrx_word' id='word_1_103' title='bbox 443 2147 566 2191; x_wconf 83' lang='lat' dir='ltr'><strong>vox</strong></span> <span class='ocrx_word' id='word_1_104' title='bbox 624 2125 976 2212; x_wconf 84' lang='lat' dir='ltr'><strong>composita</strong></span> <span class='ocrx_word' id='word_1_105' title='bbox 1019 2083 1202 2228; x_wconf 39' lang='lat' dir='ltr'><strong>§2³⁸3ss</strong></span> <span class='ocrx_word' id='word_1_106' title='bbox 1247 2128 1738 2219; x_wconf 83' lang='lat' dir='ltr'><strong>frequentissimi</strong></span> <span class='ocrx_word' id='word_1_107' title='bbox 1790 2148 1944 2196; x_wconf 88' lang='lat' dir='ltr'><strong>usus</strong></span> <span class='ocrx_word' id='word_1_108' title='bbox 1990 2139 2058 2196; x_wconf 92' lang='lat' dir='ltr'><strong>et</strong></span> <span class='ocrx_word' id='word_1_109' title='bbox 2097 2129 2355 2217; x_wconf 85' lang='lat' dir='ltr'><strong>propria</strong></span> 
     </span>
    </p>
   </div>
   <div class='ocr_carea' id='block_1_10' title="bbox 97 2280 2359 2392">
    <p class='ocr_par' dir='ltr' id='par_1_10' title="bbox 97 2280 2359 2392">
     <span class='ocr_line' id='line_1_14' title="bbox 97 2280 2359 2392; baseline -0.001 -37"><span class='ocrx_word' id='word_1_110' title='bbox 97 2310 339 2377; x_wconf 81' lang='lat' dir='ltr'><strong>prorsus</strong></span> <span class='ocrx_word' id='word_1_111' title='bbox 383 2283 625 2352; x_wconf 77' lang='lat' dir='ltr'><strong>relativi</strong></span> <span class='ocrx_word' id='word_1_112' title='bbox 666 2283 923 2351; x_wconf 84' lang='lat' dir='ltr'><strong>notioni.</strong></span> <span class='ocrx_word' id='word_1_113' title='bbox 1010 2287 1388 2379; x_wconf 83' lang='lat' dir='ltr'><strong>Composita</strong></span> <span class='ocrx_word' id='word_1_114' title='bbox 1430 2311 1510 2355; x_wconf 90' lang='lat' dir='ltr'><strong>ea</strong></span> <span class='ocrx_word' id='word_1_115' title='bbox 1556 2312 1637 2355; x_wconf 84' lang='lat' dir='ltr'><strong>ex</strong></span> <span class='ocrx_word' id='word_1_116' title='bbox 1681 2280 1825 2392; x_wconf 59' lang='lat'><strong>5553,</strong></span> <span class='ocrx_word' id='word_1_117' title='bbox 1893 2308 2062 2377; x_wconf 89' lang='lat' dir='ltr'><strong>quae</strong></span> <span class='ocrx_word' id='word_1_118' title='bbox 2107 2286 2359 2353; x_wconf 80' lang='lat' dir='ltr'><strong>diversa</strong></span> 
     </span>
    </p>
   </div>
   <div class='ocr_carea' id='block_1_11' title="bbox 95 2426 2359 2784">
    <p class='ocr_par' dir='ltr' id='par_1_11' title="bbox 95 2426 2359 2784">
     <span class='ocr_line' id='line_1_15' title="bbox 101 2426 2357 2564; baseline -0.002 -29"><span class='ocrx_word' id='word_1_119' title='bbox 101 2480 189 2535; x_wconf 77' lang='lat' dir='ltr'><strong>est</strong></span> <span class='ocrx_word' id='word_1_120' title='bbox 238 2426 359 2564; x_wconf 86' lang='lat' dir='ltr'><strong>pro</strong></span> <span class='ocrx_word' id='word_1_121' title='bbox 406 2471 471 2545; x_wconf 64' lang='lat' dir='ltr'><strong>lt,</strong></span> <span class='ocrx_word' id='word_1_122' title='bbox 513 2462 954 2551; x_wconf 78' lang='lat' dir='ltr'><strong>pronunciatio</strong></span> <span class='ocrx_word' id='word_1_123' title='bbox 1014 2460 1117 2553; x_wconf 79' lang='lat'><strong>(§.</strong></span> <span class='ocrx_word' id='word_1_124' title='bbox 1148 2466 1359 2552; x_wconf 84' lang='lat'>453),</span> <span class='ocrx_word' id='word_1_125' title='bbox 1414 2451 1460 2562; x_wconf 48' lang='grc' dir='ltr'><strong>ἶ)</strong></span> <span class='ocrx_word' id='word_1_126' title='bbox 1528 2477 1596 2533; x_wconf 91' lang='lat' dir='ltr'><strong>et</strong></span> <span class='ocrx_word' id='word_1_127' title='bbox 1657 2467 1799 2557; x_wconf 85' lang='lat' dir='ltr'><strong>ipso</strong></span> <span class='ocrx_word' id='word_1_128' title='bbox 1860 2465 2357 2533; x_wconf 83' lang='lat' dir='ltr'><strong>demonstrativo</strong></span> 
     </span>
     <span class='ocr_line' id='line_1_16' title="bbox 100 2576 2359 2674; baseline -0.001 -25"><span class='ocrx_word' id='word_1_129' title='bbox 100 2593 156 2649; x_wconf 83' lang='lat' dir='ltr'><strong>et</strong></span> <span class='ocrx_word' id='word_1_130' title='bbox 206 2576 477 2648; x_wconf 88' lang='lat' dir='ltr'><strong>articulo</strong></span> <span class='ocrx_word' id='word_1_131' title='bbox 536 2599 654 2665; x_wconf 85' lang='lat' dir='ltr'><strong>per</strong></span> <span class='ocrx_word' id='word_1_132' title='bbox 714 2602 787 2643; x_wconf 89' lang='lat' dir='ltr'><strong>se</strong></span> <span class='ocrx_word' id='word_1_133' title='bbox 849 2577 1413 2648; x_wconf 84' lang='lat' dir='ltr'><strong>demonstrativum</strong></span> <span class='ocrx_word' id='word_1_134' title='bbox 1476 2592 1577 2649; x_wconf 90' lang='lat' dir='ltr'><strong>est</strong></span> <span class='ocrx_word' id='word_1_135' title='bbox 1632 2580 1716 2646; x_wconf 89' lang='lat' dir='ltr'><strong>ad</strong></span> <span class='ocrx_word' id='word_1_136' title='bbox 1768 2603 2000 2674; x_wconf 86' lang='lat' dir='ltr'><strong>nomen</strong></span> <span class='ocrx_word' id='word_1_137' title='bbox 2059 2578 2230 2646; x_wconf 90' lang='lat' dir='ltr'><strong>aliud</strong></span> <span class='ocrx_word' id='word_1_138' title='bbox 2286 2603 2359 2646; x_wconf 88' lang='lat' dir='ltr'><strong>se</strong></span> 
     </span>
     <span class='ocr_line' id='line_1_17' title="bbox 95 2689 2357 2784; baseline -0 -22"><span class='ocrx_word' id='word_1_139' title='bbox 95 2696 368 2763; x_wconf 78' lang='lat' dir='ltr'><strong>referens</strong></span> <span class='ocrx_word' id='word_1_140' title='bbox 389 2742 410 2776; x_wconf 87' lang='lat'>,</span> <span class='ocrx_word' id='word_1_141' title='bbox 453 2689 630 2781; x_wconf 90' lang='lat' dir='ltr'><strong>quod</strong></span> <span class='ocrx_word' id='word_1_142' title='bbox 671 2691 735 2756; x_wconf 87' lang='lat' dir='ltr'><strong>in</strong></span> <span class='ocrx_word' id='word_1_143' title='bbox 779 2693 1017 2761; x_wconf 78' lang='lat' dir='ltr'><strong>relativi</strong></span> <span class='ocrx_word' id='word_1_144' title='bbox 1054 2693 1379 2762; x_wconf 89' lang='lat' dir='ltr'><strong>notionem</strong></span> <span class='ocrx_word' id='word_1_145' title='bbox 1420 2705 1733 2784; x_wconf 85' lang='lat' dir='ltr'><strong>perpetuo</strong></span> <span class='ocrx_word' id='word_1_146' title='bbox 1770 2695 1989 2782; x_wconf 80' lang='lat' dir='ltr'><strong>lingua</strong></span> <span class='ocrx_word' id='word_1_147' title='bbox 2021 2693 2357 2763; x_wconf 85' lang='lat' dir='ltr'><strong>transtulit.</strong></span> 
     </span>
    </p>
   </div>
   <div class='ocr_carea' id='block_1_12' title="bbox 94 2911 2488 3686">
    <p class='ocr_par' dir='ltr' id='par_1_12' title="bbox 94 2911 2488 3572">
     <span class='ocr_line' id='line_1_18' title="bbox 252 2911 2488 3003; baseline -0.002 -20"><span class='ocrx_word' id='word_1_148' title='bbox 252 2917 412 2983; x_wconf 90' lang='lat' dir='ltr'><strong>Hoc</strong></span> <span class='ocrx_word' id='word_1_149' title='bbox 451 2923 671 2980; x_wconf 84' lang='lat' dir='ltr'><strong>autem</strong></span> <span class='ocrx_word' id='word_1_150' title='bbox 711 2911 974 2979; x_wconf 87' lang='lat' dir='ltr'><strong>relativo</strong></span> <span class='ocrx_word' id='word_1_151' title='bbox 1012 2935 1090 2980; x_wconf 83' lang='lat' dir='ltr'><strong>ex</strong></span> <span class='ocrx_word' id='word_1_152' title='bbox 1132 2913 1392 3003; x_wconf 82' lang='lat' dir='ltr'><strong>linguae</strong></span> <span class='ocrx_word' id='word_1_153' title='bbox 1431 2913 1644 2981; x_wconf 89' lang='lat' dir='ltr'><strong>indole</strong></span> <span class='ocrx_word' id='word_1_154' title='bbox 1684 2914 1991 3003; x_wconf 72' lang='lat' dir='ltr'><strong>primitiva</strong></span> <span class='ocrx_word' id='word_1_155' title='bbox 2031 2913 2357 3003; x_wconf 86' lang='lat' dir='ltr'><strong>proprium</strong></span> <span class='ocrx_word' id='word_1_156' title='bbox 2379 2912 2488 2987; x_wconf 72' lang='lat'><strong>459</strong></span> 
     </span>
     <span class='ocr_line' id='line_1_19' title="bbox 98 3025 2362 3117; baseline -0.001 -20"><span class='ocrx_word' id='word_1_157' title='bbox 98 3039 215 3110; x_wconf 82' lang='lat' dir='ltr'><strong>est,</strong></span> <span class='ocrx_word' id='word_1_158' title='bbox 273 3040 349 3095; x_wconf 87' lang='lat' dir='ltr'><strong>ut</strong></span> <span class='ocrx_word' id='word_1_159' title='bbox 406 3025 833 3093; x_wconf 79' lang='lat' dir='ltr'><strong>enunciationi</strong></span> <span class='ocrx_word' id='word_1_160' title='bbox 886 3027 1182 3094; x_wconf 87' lang='lat' dir='ltr'><strong>relativae</strong></span> <span class='ocrx_word' id='word_1_161' title='bbox 1239 3028 1378 3095; x_wconf 90' lang='lat' dir='ltr'><strong>sine</strong></span> <span class='ocrx_word' id='word_1_162' title='bbox 1418 3050 1654 3107; x_wconf 72' lang='lat' dir='ltr'><strong>nexm,</strong></span> <span class='ocrx_word' id='word_1_163' title='bbox 1713 3050 1841 3116; x_wconf 86' lang='lat' dir='ltr'><strong>quo</strong></span> <span class='ocrx_word' id='word_1_164' title='bbox 1885 3028 2037 3093; x_wconf 91' lang='lat' dir='ltr'><strong>huic</strong></span> <span class='ocrx_word' id='word_1_165' title='bbox 2067 3028 2362 3117; x_wconf 86' lang='lat' dir='ltr'><strong>junctum</strong></span> 
     </span>
     <span class='ocr_line' id='line_1_20' title="bbox 94 3131 2360 3231; baseline -0.002 -22"><span class='ocrx_word' id='word_1_166' title='bbox 94 3143 199 3223; x_wconf 80' lang='lat' dir='ltr'><strong>sit,</strong></span> <span class='ocrx_word' id='word_1_167' title='bbox 232 3139 522 3210; x_wconf 83' lang='lat' dir='ltr'><strong>interiori</strong></span> <span class='ocrx_word' id='word_1_168' title='bbox 562 3151 1032 3228; x_wconf 84' lang='lat' dir='ltr'><strong>praeponatur,</strong></span> <span class='ocrx_word' id='word_1_169' title='bbox 1090 3131 1565 3231; x_wconf 74' lang='lat' dir='ltr'><strong>conjunctioni</strong></span> <span class='ocrx_word' id='word_1_170' title='bbox 1608 3141 1864 3208; x_wconf 86' lang='lat' dir='ltr'><strong>similius</strong></span> <span class='ocrx_word' id='word_1_171' title='bbox 1904 3162 2095 3229; x_wconf 89' lang='lat' dir='ltr'><strong>quam</strong></span> <span class='ocrx_word' id='word_1_172' title='bbox 2140 3151 2360 3206; x_wconf 88' lang='lat' dir='ltr'><strong>nostro</strong></span> 
     </span>
     <span class='ocr_line' id='line_1_21' title="bbox 96 3251 2361 3345; baseline -0.001 -23"><span class='ocrx_word' id='word_1_173' title='bbox 96 3253 462 3345; x_wconf 80' lang='lat' dir='ltr'><strong>pronomini&#39;</strong></span> <span class='ocrx_word' id='word_1_174' title='bbox 482 3252 771 3320; x_wconf 83' lang='lat' dir='ltr'><strong>relativo.</strong></span> <span class='ocrx_word' id='word_1_175' title='bbox 839 3253 934 3340; x_wconf 84' lang='lat' dir='ltr'><strong>(v.</strong></span> <span class='ocrx_word' id='word_1_176' title='bbox 976 3253 1319 3343; x_wconf 83' lang='lat' dir='ltr'><strong>syntaxin).</strong></span> <span class='ocrx_word' id='word_1_177' title='bbox 1406 3251 1600 3320; x_wconf 90' lang='lat' dir='ltr'><strong>Unde</strong></span> <span class='ocrx_word' id='word_1_178' title='bbox 1646 3254 1972 3321; x_wconf 84' lang='lat' dir='ltr'><strong>relativum</strong></span> <span class='ocrx_word' id='word_1_179' title='bbox 2016 3253 2151 3320; x_wconf 89' lang='lat' dir='ltr'><strong>sine</strong></span> <span class='ocrx_word' id='word_1_180' title='bbox 2190 3253 2361 3320; x_wconf 86' lang='lat' dir='ltr'><strong>omni</strong></span> 
     </span>
     <span class='ocr_line' id='line_1_22' title="bbox 100 3364 2361 3457; baseline -0.001 -20"><span class='ocrx_word' id='word_1_181' title='bbox 100 3373 346 3457; x_wconf 80' lang='lat' dir='ltr'><strong>generis</strong></span> <span class='ocrx_word' id='word_1_182' title='bbox 388 3366 765 3454; x_wconf 83' lang='lat' dir='ltr'><strong>numerique</strong></span> <span class='ocrx_word' id='word_1_183' title='bbox 796 3364 1161 3433; x_wconf 81' lang='lat' dir='ltr'><strong>discrimine</strong></span> <span class='ocrx_word' id='word_1_184' title='bbox 1204 3368 1713 3438; x_wconf 80' lang='lat' dir='ltr'><strong>enunciationem</strong></span> <span class='ocrx_word' id='word_1_185' title='bbox 1749 3367 1946 3434; x_wconf 83' lang='lat' dir='ltr'><strong>ordiri</strong></span> <span class='ocrx_word' id='word_1_186' title='bbox 1988 3378 2055 3434; x_wconf 91' lang='lat' dir='ltr'><strong>et</strong></span> <span class='ocrx_word' id='word_1_187' title='bbox 2091 3368 2154 3431; x_wconf 90' lang='lat' dir='ltr'><strong>in</strong></span> <span class='ocrx_word' id='word_1_188' title='bbox 2193 3369 2361 3434; x_wconf 89' lang='lat' dir='ltr'><strong>anti-</strong></span> 
     </span>
     <span class='ocr_line' id='line_1_23' title="bbox 98 3479 2360 3572; baseline -0.002 -20"><span class='ocrx_word' id='word_1_189' title='bbox 98 3485 386 3572; x_wconf 72' lang='lat' dir='ltr'><strong>quissima</strong></span> <span class='ocrx_word' id='word_1_190' title='bbox 430 3480 680 3549; x_wconf 87' lang='lat' dir='ltr'><strong>solebat</strong></span> <span class='ocrx_word' id='word_1_191' title='bbox 719 3479 935 3568; x_wconf 75' lang='lat' dir='ltr'><strong>lingua</strong></span> <span class='ocrx_word' id='word_1_192' title='bbox 978 3492 1046 3548; x_wconf 88' lang='lat' dir='ltr'><strong>et</strong></span> <span class='ocrx_word' id='word_1_193' title='bbox 1084 3504 1255 3548; x_wconf 88' lang='lat' dir='ltr'><strong>nunc</strong></span> <span class='ocrx_word' id='word_1_194' title='bbox 1299 3481 1461 3551; x_wconf 89' lang='lat' dir='ltr'><strong>solet</strong></span> <span class='ocrx_word' id='word_1_195' title='bbox 1498 3483 1563 3548; x_wconf 90' lang='lat' dir='ltr'><strong>in</strong></span> <span class='ocrx_word' id='word_1_196' title='bbox 1598 3482 1843 3572; x_wconf 76' lang='lat' dir='ltr'><strong>vulgari</strong></span> <span class='ocrx_word' id='word_1_197' title='bbox 1888 3492 1954 3548; x_wconf 89' lang='lat' dir='ltr'><strong>et</strong></span> <span class='ocrx_word' id='word_1_198' title='bbox 1992 3481 2228 3548; x_wconf 76' lang='lat' dir='ltr'><strong>inculta</strong></span> <span class='ocrx_word' id='word_1_199' title='bbox 2269 3481 2360 3567; x_wconf 83' lang='lat'><strong>¹).</strong></span> 
     </span>
    </p>

    <p class='ocr_par' dir='ltr' id='par_1_13' title="bbox 103 3594 2360 3686">
     <span class='ocr_line' id='line_1_24' title="bbox 103 3594 2360 3686; baseline -0.003 -19"><span class='ocrx_word' id='word_1_200' title='bbox 103 3600 173 3667; x_wconf 77' lang='lat' dir='ltr'><strong>At</strong></span> <span class='ocrx_word' id='word_1_201' title='bbox 214 3598 381 3667; x_wconf 84' lang='lat' dir='ltr'><strong>culta</strong></span> <span class='ocrx_word' id='word_1_202' title='bbox 424 3596 648 3683; x_wconf 83' lang='lat' dir='ltr'><strong>lingua</strong></span> <span class='ocrx_word' id='word_1_203' title='bbox 688 3606 756 3662; x_wconf 89' lang='lat' dir='ltr'><strong>et</strong></span> <span class='ocrx_word' id='word_1_204' title='bbox 810 3594 916 3661; x_wconf 90' lang='lat' dir='ltr'><strong>hic</strong></span> <span class='ocrx_word' id='word_1_205' title='bbox 955 3595 1214 3682; x_wconf 83' lang='lat' dir='ltr'><strong>generis</strong></span> <span class='ocrx_word' id='word_1_206' title='bbox 1262 3596 1634 3686; x_wconf 84' lang='lat' dir='ltr'><strong>numerique</strong></span> <span class='ocrx_word' id='word_1_207' title='bbox 1677 3596 2018 3664; x_wconf 86' lang='lat' dir='ltr'><strong>discrimen</strong></span> <span class='ocrx_word' id='word_1_208' title='bbox 2058 3594 2173 3660; x_wconf 84' lang='lat' dir='ltr'><strong>levi</strong></span> <span class='ocrx_word' id='word_1_209' title='bbox 2220 3594 2360 3661; x_wconf 87' lang='lat' dir='ltr'><strong>ulti-</strong></span> 
     </span>
    </p>
   </div>
   <div class='ocr_carea' id='block_1_13' title="bbox 104 3740 2360 3890">
    <p class='ocr_par' dir='ltr' id='par_1_14' title="bbox 104 3740 2360 3890">
     <span class='ocr_line' id='line_1_25' title="bbox 104 3740 2360 3890; baseline -0.003 -38"><span class='ocrx_word' id='word_1_210' title='bbox 104 3807 235 3852; x_wconf 74' lang='lat' dir='ltr'><strong>mae</strong></span> <span class='ocrx_word' id='word_1_211' title='bbox 275 3753 557 3877; x_wconf 74' lang='lat' dir='ltr'><strong>syllabae</strong></span> <span class='ocrx_word' id='word_1_212' title='bbox 600 3782 945 3851; x_wconf 82' lang='lat' dir='ltr'><strong>variatione</strong></span> <span class='ocrx_word' id='word_1_213' title='bbox 982 3784 1247 3855; x_wconf 85' lang='lat' dir='ltr'><strong>induxit.</strong></span> <span class='ocrx_word' id='word_1_214' title='bbox 1332 3784 1437 3850; x_wconf 85' lang='lat' dir='ltr'><strong>Ex</strong></span> <span class='ocrx_word' id='word_1_215' title='bbox 1480 3740 1637 3890; x_wconf 49' lang='grc' dir='ltr'><strong>εξῇῑῖ</strong></span> <span class='ocrx_word' id='word_1_216' title='bbox 1686 3787 2025 3852; x_wconf 83' lang='lat' dir='ltr'><strong>formatum</strong></span> <span class='ocrx_word' id='word_1_217' title='bbox 2071 3793 2171 3850; x_wconf 89' lang='lat' dir='ltr'><strong>est</strong></span> <span class='ocrx_word' id='word_1_218' title='bbox 2214 3782 2360 3847; x_wconf 80' lang='lat' dir='ltr'><strong>fem.</strong></span> 
     </span>
    </p>
   </div>
   <div class='ocr_carea' id='block_1_14' title="bbox 215 4063 2364 4154">
    <p class='ocr_par' dir='ltr' id='par_1_15' title="bbox 215 4063 2364 4154">
     <span class='ocr_line' id='line_1_26' title="bbox 215 4063 2364 4154; baseline -0.001 -26"><span class='ocrx_word' id='word_1_219' title='bbox 215 4075 278 4144; x_wconf 87' lang='lat'><strong>1)</strong></span> <span class='ocrx_word' id='word_1_220' title='bbox 311 4076 408 4130; x_wconf 86' lang='lat' dir='ltr'><strong>hoc</strong></span> <span class='ocrx_word' id='word_1_221' title='bbox 444 4075 513 4128; x_wconf 89' lang='lat' dir='ltr'><strong>de</strong></span> <span class='ocrx_word' id='word_1_222' title='bbox 549 4063 708 4154; x_wconf 57' lang='lat'><strong>553⁴„</strong></span> <span class='ocrx_word' id='word_1_223' title='bbox 749 4081 929 4128; x_wconf 76' lang='lat' dir='ltr'><strong>notant</strong></span> <span class='ocrx_word' id='word_1_224' title='bbox 987 4075 1122 4128; x_wconf 85' lang='lat' dir='ltr'><strong>inter</strong></span> <span class='ocrx_word' id='word_1_225' title='bbox 1179 4079 1307 4130; x_wconf 83' lang='lat' dir='ltr'><strong>alios</strong></span> <span class='ocrx_word' id='word_1_226' title='bbox 1357 4079 1621 4132; x_wconf 81' lang='lat' dir='ltr'><strong>Hamaker</strong></span> <span class='ocrx_word' id='word_1_227' title='bbox 1654 4077 1722 4130; x_wconf 81' lang='lat' dir='ltr'><strong>ad</strong></span> <span class='ocrx_word' id='word_1_228' title='bbox 1757 4075 1895 4145; x_wconf 79' lang='lat' dir='ltr'><strong>Exp.</strong></span> <span class='ocrx_word' id='word_1_229' title='bbox 1930 4072 2160 4144; x_wconf 84' lang='lat' dir='ltr'><strong>Memph.</strong></span> <span class='ocrx_word' id='word_1_230' title='bbox 2199 4092 2249 4142; x_wconf 85' lang='lat' dir='ltr'><strong>p.</strong></span> <span class='ocrx_word' id='word_1_231' title='bbox 2277 4077 2364 4125; x_wconf 80' lang='lat'><strong>80.</strong></span> 
     </span>
    </p>
   </div>
   <div class='ocr_carea' id='block_1_15' title="bbox 318 4185 2369 4437">
    <p class='ocr_par' dir='ltr' id='par_1_16' title="bbox 318 4185 2369 4437">
     <span class='ocr_line' id='line_1_27' title="bbox 318 4185 2369 4271; baseline -0.001 -31"><span class='ocrx_word' id='word_1_232' title='bbox 318 4185 550 4240; x_wconf 81' lang='lat' dir='ltr'><strong>Habicht</strong></span> <span class='ocrx_word' id='word_1_233' title='bbox 602 4203 686 4257; x_wconf 86' lang='lat' dir='ltr'><strong>ep.</strong></span> <span class='ocrx_word' id='word_1_234' title='bbox 736 4189 876 4240; x_wconf 81' lang='lat' dir='ltr'><strong>arab.</strong></span> <span class='ocrx_word' id='word_1_235' title='bbox 934 4206 986 4256; x_wconf 87' lang='lat' dir='ltr'><strong>p.</strong></span> <span class='ocrx_word' id='word_1_236' title='bbox 1029 4192 1102 4240; x_wconf 82' lang='grc'><strong>38</strong></span> <span class='ocrx_word' id='word_1_237' title='bbox 1157 4195 1263 4241; x_wconf 86' lang='lat' dir='ltr'><strong>not.</strong></span> <span class='ocrx_word' id='word_1_238' title='bbox 1354 4188 1557 4242; x_wconf 85' lang='lat' dir='ltr'><strong>Eodem</strong></span> <span class='ocrx_word' id='word_1_239' title='bbox 1609 4189 1763 4242; x_wconf 85' lang='lat' dir='ltr'><strong>modo</strong></span> <span class='ocrx_word' id='word_1_240' title='bbox 1802 4185 1887 4271; x_wconf 46' lang='grc' dir='ltr'><strong>ὃὸ</strong></span> <span class='ocrx_word' id='word_1_241' title='bbox 1940 4189 2158 4241; x_wconf 79' lang='lat' dir='ltr'><strong>relativo</strong></span> <span class='ocrx_word' id='word_1_242' title='bbox 2211 4201 2369 4242; x_wconf 77' lang='lat' dir='ltr'><strong>sensu</strong></span> 
     </span>
     <span class='ocr_line' id='line_1_28' title="bbox 322 4278 2369 4348; baseline -0.002 -17"><span class='ocrx_word' id='word_1_243' title='bbox 322 4278 519 4332; x_wconf 85' lang='lat' dir='ltr'><strong>dictum</strong></span> <span class='ocrx_word' id='word_1_244' title='bbox 571 4280 810 4333; x_wconf 80' lang='lat' dir='ltr'><strong>flexionis</strong></span> <span class='ocrx_word' id='word_1_245' title='bbox 858 4296 974 4333; x_wconf 80' lang='lat' dir='ltr'><strong>esse</strong></span> <span class='ocrx_word' id='word_1_246' title='bbox 1022 4278 1158 4331; x_wconf 86' lang='lat' dir='ltr'><strong>haud</strong></span> <span class='ocrx_word' id='word_1_247' title='bbox 1216 4296 1383 4348; x_wconf 79' lang='lat' dir='ltr'><strong>capax</strong></span> <span class='ocrx_word' id='word_1_248' title='bbox 1432 4280 1581 4333; x_wconf 82' lang='lat' dir='ltr'><strong>Kam.</strong></span> <span class='ocrx_word' id='word_1_249' title='bbox 1617 4279 1852 4333; x_wconf 82' lang='lat' dir='ltr'><strong>affirmat.</strong></span> <span class='ocrx_word' id='word_1_250' title='bbox 1958 4278 2058 4330; x_wconf 78' lang='lat' dir='ltr'><strong>Alii</strong></span> <span class='ocrx_word' id='word_1_251' title='bbox 2094 4278 2369 4330; x_wconf 83' lang='lat' dir='ltr'><strong>flexionem</strong></span> 
     </span>
     <span class='ocr_line' id='line_1_29' title="bbox 324 4369 1127 4437; baseline 0.001 -16"><span class='ocrx_word' id='word_1_252' title='bbox 324 4371 371 4422; x_wconf 87' lang='lat' dir='ltr'><strong>ei</strong></span> <span class='ocrx_word' id='word_1_253' title='bbox 409 4371 534 4423; x_wconf 83' lang='lat' dir='ltr'><strong>dant</strong></span> <span class='ocrx_word' id='word_1_254' title='bbox 567 4373 619 4435; x_wconf 75' lang='lat'><strong>§-</strong></span> <span class='ocrx_word' id='word_1_255' title='bbox 650 4373 757 4423; x_wconf 77' lang='lat'><strong>456</strong></span> <span class='ocrx_word' id='word_1_256' title='bbox 803 4369 1127 4437; x_wconf 82' lang='lat' dir='ltr'><strong>descriptam.</strong></span> 
     </span>
    </p>
   </div>
  </div>
 </body>
</html>
