2675 4692
25 202 28 257 ’ν

25 296 28 441 ᾧ
637 317 864 390 Verbi
915 331 1248 417 tempora
1298 335 1371 394 et
1420 327 1637 398 modi.
2129 348 2278 421 123

25 444 28 497 ἱ
74 521 245 609 ferire
282 527 447 617 Sacy
486 527 614 594 chr.
657 537 735 600 ΡΙ
760 572 782 604 ,
832 530 893 596 6.
937 532 997 598 7.
1036 542 1131 609 1¹⁹,
1177 531 1335 599 3-9.
1422 535 1629 602 Abulf.
1670 539 1744 605 A.
1782 537 1834 605 Ῑ.
1883 540 2026 622 192,
2076 543 2278 614 1-12.

81 638 143 704 Et
172 640 215 704 si
251 639 406 719 forte
450 641 810 730 contingat,
857 655 926 710 ut
970 645 1155 714 simul
1194 647 1794 747 plusquamperfecti
1834 651 1980 720 loco
2022 669 2276 757 praete-

25 782 28 787 ¹
79 810 174 863 tum
207 798 321 866 tale
361 800 772 889 cogitandum
815 803 895 871 sit
938 801 1039 893 (§.
1063 803 1229 903 202)
1249 856 1267 887 ,
1325 829 1453 873 non
1495 806 1624 875 duo
1666 812 2114 900 praefiguntur
2155 775 2274 897 (Ξῖ

77 910 234 999 (quod
268 913 582 1002 ingratum
626 916 867 1004 esset),
909 917 1025 985 sed
1069 943 1109 986 e
1148 920 1603 988 sententiarum
1644 947 1814 991 nexu
1849 928 2275 1019 plusquampf.

25 1066 28 1101 .
76 1027 199 1093 notio
235 1029 568 1116 cogitanda
608 1030 1010 1119 relinquitur,
1055 1043 1127 1101 ut
1165 1033 1371 1102 Abulf.
1412 1034 1486 1103 A.
1514 1035 1599 1106 Π.
1632 1037 1736 1106 48.
1778 1039 1924 1106 254.
1951 1042 2102 1110 266.
2134 1043 2276 1111 190.

25 1150 28 1205 ὲ
77 1138 109 1203 l.
141 1140 258 1208 168.
298 1143 437 1210 180.
478 1143 626 1211 204.

194 1333 246 1398 2.
282 1332 512 1403 Modus
554 1335 890 1419 napbatas
951 1359 1068 1405 seu
1123 1335 1412 1426 obliquus
1469 1361 1597 1407 non
1643 1339 1838 1411 habet
1894 1344 2103 1415 locum
2165 1350 2281 1418 nisi
2299 1374 2408 1424 zos

74 1442 134 1508 ita
176 1457 235 1512 ut
279 1451 564 1515 membro
623 1452 1080 1520 enunciationis
1134 1463 1313 1519 certo
1380 1451 1728 1538 subjectus
1782 1455 1864 1525 sit
1922 1460 2003 1525 ab
2067 1484 2279 1553 eoque

75 1554 169 1623 solo
198 1558 476 1647 pendeat.
594 1565 938 1655 subjectus
995 1576 1210 1632 autem
1262 1588 1518 1655 semper
1567 1578 1667 1637 est
1719 1570 2072 1657 particulae
2112 1599 2282 1665 quae

75 1668 117 1735 in
150 1672 478 1743 universum
535 1675 727 1746 latino
783 1689 864 1743 ut
909 1676 1289 1766 respondet;
1343 1688 1418 1747 ut
1460 1678 1626 1748 sicut
1666 1685 2065 1754 accusativus
2107 1699 2281 1756 tran-

25 1826 26 1829 ¹
75 1783 211 1853 situm
256 1797 318 1856 et
366 1800 614 1857 motum
668 1790 763 1856 rei
823 1791 887 1857 in
947 1812 1085 1858 rem
1128 1792 1461 1881 exprimit,
1523 1793 1614 1861 ita
1654 1793 1819 1865 haec
1858 1798 2033 1865 modi
2074 1801 2284 1872 forma

25 1918 26 1991 J
74 1901 335 1968 tramitum
394 1904 664 1972 actionis
729 1905 795 1970 in
855 1926 994 1971 rem
1036 1904 1376 1992 agendam.
1479 1909 1685 1995 Atque
1724 1908 1815 1975 ita
1855 1909 2284 1999 subjunctivi

75 2021 328 2090 notionem
364 2042 632 2113 prorsus
677 2017 873 2086 habet
914 2017 1122 2085 forma
1164 2018 1360 2094 haec,
1408 2043 1576 2108 quae
1618 2023 1744 2109 qua
1786 2034 1852 2092 et
1888 2049 2079 2114 quam
2110 2030 2281 2097 varia

24 2162 26 2177 ¹
73 2136 255 2203 ratione
285 2137 466 2204 obvia
510 2135 624 2217 sit,
676 2133 744 2200 in
787 2131 1033 2225 syntaxi
1080 2155 1196 2222 per
1235 2131 1489 2219 singula
1533 2142 1634 2200 est
1673 2136 2172 2206 monstrandum.

25 2250 28 2421 i
191 2327 241 2392 3.
275 2326 504 2395 Modus
529 2322 926 2416 g'ezmatus
969 2328 1166 2418 (Erp.
1205 2328 1318 2394 fut.
1344 2325 1812 2416 apocopatum)
1856 2326 2061 2397 forma
2091 2340 2191 2398 est
2217 2331 2411 2409 inmo

25 2468 28 2527 y
74 2438 161 2505 fine
204 2452 517 2509 contracta
573 2451 639 2508 et
680 2439 1053 2522 decurtata,
1127 2463 1208 2507 ex
1252 2438 1489 2529 duplici
1529 2461 1697 2529 quae
1742 2439 2011 2509 formam
2052 2443 2283 2513 decur-

75 2562 216 2619 natam
249 2554 523 2642 postulet
580 2558 806 2623 causei:
879 2553 975 2644 1),
999 2555 1167 2623 actio
1213 2555 1268 2621 si
1309 2566 1612 2643 tanquam
1655 2577 1693 2620 e
1735 2577 1926 2623 sensu
1974 2556 2282 2646 loquentis

25 2640 26 2659 Χ
76 2671 359 2737 necessario
401 2666 667 2758 agenda
706 2666 1195 2756 pronunciatur,
1222 2668 1548 2757 jussiotes
1579 2667 1796 2735 oritur.
1886 2658 2089 2762 Cujus
2116 2650 2282 2742 ilaec

77 2791 143 2846 est
162 2787 385 2851 'summa
423 2782 531 2849 lex
547 2831 567 2862 ‚
627 2792 706 2849 ut
745 2780 953 2849 forma
994 2805 1035 2847 a
1075 2781 1205 2845 fine
1256 2778 1538 2869 rapidius
1581 2791 1647 2849 et
1689 2781 1939 2851 brevius
1983 2789 2280 2855 enuncie-

77 2902 170 2974 tur,
230 2908 407 2984 prout
459 2896 605 2984 ipse
650 2893 932 2984 jubentis
992 2892 1237 2960 animus
1280 2894 1691 3003 commotior3
1750 2917 1960 2963 sermo
2004 2900 2283 2987 rapidior

25 3012 28 3073 ἓ
79 3016 154 3071 est.
214 3008 552 3098 Possisque
599 3007 769 3073 hanc
814 3006 1085 3073 formam
1124 3004 1525 3074 decurtatam
1581 3009 1746 3073 bene
1791 3030 1938 3075 cum
1973 3014 2284 3078 vocativo

25 3180 26 3185 ,
81 3120 326 3189 nominum
376 3120 441 3213 5
477 3122 611 3188 349
654 3141 1049 3209 comparare.
1161 3119 1239 3188 In
1282 3120 1726 3188 enunciatione
1767 3131 1981 3191 tamen
2021 3123 2284 3214 simplici
2316 3158 2321 3162 ·

25 3260 26 3315 4
79 3229 276 3315 jussivus
312 3238 523 3305 nativo
561 3257 680 3302 suo
722 3256 912 3301 sensu
953 3255 1082 3299 non
1126 3231 1466 3302 adhibetur
1517 3234 1633 3301 nisi
1678 3232 1763 3301 ad
1808 3235 2097 3302 tertiam
2137 3260 2284 3328 per-

25 3414 26 3429 }
85 3367 268 3431 sonam,
333 3374 482 3418 cum
548 3346 854 3417 secunda>
892 3343 994 3437 (§.
1032 3346 1200 3436 212)
1257 3357 1324 3415 et
1377 3348 1584 3436 prima
1636 3344 1738 3436 (5.
1774 3347 1941 3435 213)
1984 3349 2140 3419 alios
2182 3378 2285 3422 se-

25 3462 28 3491 *
88 3475 290 3545 quantur
342 3463 577 3532 modos
631 3461 784 3550 ipsis
826 3459 1179 3550 peculiares
1222 3459 1447 3527 factos.
1546 3459 1947 3551 Semperque
1977 3461 2112 3553 jam
2153 3477 2283 3535 ter.

25 3582 28 3631 ³·
87 3589 168 3657 fiae
198 3586 492 3683 personae
552 3611 591 3689 Δ
631 3592 1005 3683 praefigitur
1057 3601 1130 3659 ut
1183 3590 1381 3658 Gallis
1423 3614 1554 3680 que
1566 3614 1593 3671 3
1656 3603 1731 3661 ut
1771 3563 1946 3693 ἓξ]
1983 3591 2228 3682 faciat
2252 3604 2284 3664 Ι

90 3746 176 3818 Sed
198 3754 721 3847 frequentissimus
765 3763 864 3821 est
906 3752 1041 3843 ejus
1081 3751 1146 3819 in
1176 3751 1722 3820 enunciationibus
1755 3753 2279 3824 conditionalibus

91 3881 187 3933 usus
221 3872 488 3938 omnibus
530 3867 819 3959 personis
863 3866 1229 3963 communis.
1336 3866 1580 3951 Subest
1626 3866 1791 3933 enim
1838 3868 1977 3950 hic,
2034 3869 2087 3936 si
2128 3870 2280 3958 quid

95 3994 141 4040 ex
163 3978 460 4070 hypothesi
502 3981 774 4051 sumitur
789 4029 809 4060 ‚
855 4000 1077 4046 revera
1109 3980 1407 4070 jussivus‘
1431 3978 1689 4069 quidam
1704 4030 1724 4060 ‚
1768 4004 1896 4070 quo
1941 3982 2095 4071 quid
2135 4006 2279 4052 esse

97 4107 168 4154 seu
197 4094 434 4183 cogitari
467 4106 534 4163 et
575 4096 738 4164 sumi
769 4096 1065 4186 jubetur,
1127 4094 1408 4184 quamvis
1455 4116 1580 4159 non
1622 4092 1733 4174 sit,
1796 4105 1866 4161 ut
1909 4095 2281 4182 loquatur!

100 4208 454 4290 respondeam
495 4209 535 4275 i.
576 4235 632 4279 e.
679 4212 785 4279 sac
825 4235 972 4279 eum
1012 4211 1214 4298 loqui,
1257 4222 1393 4278 tum
1436 4207 1877 4298 respondebo;
1919 4231 2035 4275 seu
2076 4208 2143 4272 si
2172 4207 2280 4272 lo-

25 4302 26 4341 ³
101 4329 283 4394 quatur
313 4325 737 4410 reapondebo.
824 4323 959 4393 sed
1001 4323 1084 4390 de
1129 4323 1222 4391 his
1265 4323 1428 4390 infra
1476 4322 1880 4392 enucleatius.
1988 4319 2069 4403 2)
2114 4341 2276 4386 sem-
