2675 4692
970 807 1195 875 Lmen
1237 807 1572 875 'rna-nus.

859 967 1018 1042 DE
1092 965 1686 1044 SYNTAXI.

172 1294 179 1305 ,
309 1225 681 1314 Syntaxeos
727 1224 1027 1292 arabicae
1070 1248 1237 1315 quae
1280 1225 1364 1292 sit
1397 1222 1679 1307 indoles,
1741 1248 1781 1291 e
1822 1225 2083 1315 linguae
2128 1226 2423 1295 universa
2453 1237 2551 1292 501

131 1335 353 1404 indole
394 1335 460 1426 §.
494 1341 537 1404 4
587 1362 725 1427 sqq.
783 1337 1106 1427 descripta
1150 1338 1337 1405 facile
1370 1339 1508 1430 jam
1553 1338 1942 1406 concludere
1983 1339 2149 1407 licet.
2251 1339 2420 1407 Nam

130 1453 199 1517 in
240 1451 417 1519 haud
459 1453 680 1543 paucis
722 1452 945 1541 lingua
983 1454 1150 1522 baec
1193 1452 1278 1520 ad
1322 1452 1519 1521 multo
1549 1453 1891 1545 majorem,
1938 1476 2129 1542 quam
2162 1463 2426 1521 ceterae

131 1588 431 1650 sorores,
505 1580 731 1636 evecta
800 1579 899 1635 est
963 1567 1455 1635 concinnitatem
1497 1578 1752 1655 gratam
1799 1578 1865 1634 et
1906 1590 2132 1636 sensus
2179 1567 2425 1656 perspi·

132 1680 439 1749 cuitatem
486 1681 757 1748 facilem.
843 1679 978 1748 Sed
1007 1681 1417 1771 simplicitatis
1455 1680 1756 1768 antiquae
1799 1679 2284 1749 fundamentum
2328 1680 2426 1748 vel

126 1794 199 1859 in
247 1786 518 1863 cultiore
557 1795 776 1882 lingua
815 1797 1123 1865 intactum
1170 1795 1438 1877 mansit;
1494 1793 1668 1861 unde
1719 1795 1901 1863 nobis
1951 1794 2035 1862 ad
2079 1795 2148 1861 id
2187 1795 2251 1861 in
2296 1795 2423 1862 sin·

128 1905 343 1995 gulis,
386 1919 697 1997 quantum
741 1930 1021 1999 unquam
1064 1910 1203 1976 fieri
1245 1909 1489 1999 possit,
1537 1931 1792 1998 semper
1834 1906 2237 1976 redeundum
2280 1931 2426 1975 esse

128 2044 255 2110 per
296 2045 370 2090 se
409 2034 697 2111 apparet.

309 2137 686 2223 Argumenti
749 2156 903 2201 vero
961 2136 1265 2203 uberrimi
1314 2136 1821 2206 distributionem
1870 2147 2085 2226 aptam
2132 2133 2425 2205 conside·
2458 2164 2570 2214 502

124 2249 421 2319 rantibus
476 2251 659 2318 nobis
714 2249 1248 2318 consultissimum
1291 2253 1495 2320 visum
1555 2263 1688 2333 est,
1762 2252 1938 2341 prius
1997 2249 2083 2318 de
2128 2250 2428 2319 enuncia-

122 2366 377 2432 tionum
424 2365 713 2453 partibus
757 2364 1022 2452 singulis
1063 2366 1474 2454 generaliora
1516 2389 1879 2456 exponere3
1924 2364 2071 2431 dein
2109 2362 2195 2430 de
2226 2386 2427 2431 enun-

124 2478 424 2546 ciationis
468 2500 672 2545 nexae
715 2478 965 2545 ratione
1007 2481 1490 2570 generibusque
1532 2481 1719 2547 variis
1757 2501 1979 2569 agere.
2067 2477 2264 2553 Quod
2303 2476 2427 2565 igi-

26 2680 31 2685 ·
118 2603 247 2659 tur
299 2601 486 2680 parte
528 2591 745 2679 priore
790 2590 1141 2680 explicituri
1186 2617 1445 2675 sumus,
1515 2594 1600 2660 ad
1644 2596 1938 2662 notiones
1986 2592 2427 2681 generaliores

100 2702 389 2794 formis
452 2724 791 2793 expressas
851 2707 1168 2795 pertinet-3
1231 2710 1678 2799 “poterantque
1742 2708 1908 2775 baec
1964 2731 2120 2775 sane
2170 2707 2307 2799 jam
2362 2706 2429 2771 in

121 2816 490 2883 formarum
547 2814 840 2885 doctrina
880 2821 1162 2908 exponi,
1221 2821 1417 2888 modo
1472 2845 1600 2888 non
1660 2821 1747 2887 ibi
1821 2822 2052 2889 seriem
2123 2817 2427 2887 orationis

121 2930 321 3001 nimis
353 2931 858 3021 interrupissent.
914 2933 1269 3023 Placetque
1298 2933 1426 3001 hac
1466 2936 1528 3000 in
1575 2948 1762 3023 parte
1805 2958 1844 3001 a
1888 2923 2165 2998 nomine
2208 2930 2428 3011 ordiri,

120 3045 374 3134 quippe
429 3045 493 3111 in
552 3068 682 3135 quo
746 3046 1096 3115 formarum
1138 3049 1432 3117 notiones
1477 3049 1745 3137 cognitu
1791 3046 2107 3115 faciliores
2152 3046 2427 3134 ipsoque

119 3181 253 3226 usu
299 3158 631 3247 propiores
673 3171 841 3229 sunt.

1074 3418 1227 3473 Pns
1274 3418 1476 3474 Paron.

282 3540 409 3608 DE
461 3536 1170 3609 ENUNCIATIONU
1175 3542 1245 3608 M
1300 3538 1765 3608 PARTIBUS
1829 3535 2284 3607 SINGULIS.

973 3733 1026 3800 Ι.
1113 3731 1228 3799 De
1270 3734 1572 3799 nomine.

311 3870 419 3938 De
461 3871 717 3938 nomine
755 3871 865 3938 hic
905 3869 1475 3941 demonstrandum
1519 3882 1653 3953 est,
1700 3890 1894 3959 quam
1937 3866 2108 3935 varie
2147 3886 2267 3957 pro
2311 3866 2429 3932 fle·
2461 3891 2569 3943 503

126 3984 326 4053 xione
373 3984 726 4054 formarum
765 3998 831 4054 et
873 4009 1100 4053 vocum
1133 3986 1441 4078 junctura
1481 3984 1650 4052 necti
1692 3984 1931 4072 possit,
1975 4005 2267 4074 quasque
2315 4003 2431 4047 no-

128 4099 345 4166 tiones
388 4122 593 4167 nexus
637 4098 701 4166 hi
747 4101 900 4169 varii
941 4112 1223 4169 teneant.
1322 4100 1534 4188 Igitur
1576 4122 1721 4167 cum
1769 4120 2002 4195 nomen
2046 4109 2160 4164 aut
2200 4117 2317 4185 per
2358 4119 2431 4163 se

130 4221 309 4278 stare
352 4212 596 4303 possit,
653 4225 766 4281 aut
815 4211 1069 4280 aliunde
1110 4212 1433 4303 pendere,
1493 4212 1673 4303 prius
1715 4211 1801 4280 de
1843 4210 2267 4291 nominativo,
2316 4206 2430 4274 de-

208 4345 275 4400 11.
1830 4328 1867 4391 Ῑ
