2675 4692
327 195 478 265 332
865 186 1118 261 Brevis
1167 197 1570 255 metrorum
1623 183 1972 253 doctriua.

327 382 518 434 anceps
549 367 738 434 ubique
777 374 872 421 est.
942 370 1004 423 In
1037 368 1259 437 rhythmi
1295 375 1495 421 tantum
1540 365 1706 419 finalis
1753 367 1973 433 gratiam
2010 374 2323 435 anapaestus
2373 367 2599 427 ulti-s,

330 482 470 549 quod
506 499 601 551 per
632 500 691 537 se
721 486 875 551 licet,
922 487 976 538 in
1019 484 1303 555 spondeum
1340 453 1497 524 -—⁸--ss
1528 482 1715 534 mutari
1750 497 1809 534 se
1845 483 1997 549 sinit,
2048 485 2147 536 etsi
2178 482 2279 535 hoe
2313 484 2485 551 paulo
2526 498 2601 534 rs-

329 582 439 633 rius
482 583 589 635 fiat.
627 607 697 622 —
768 584 1010 636 Occurrit
1043 590 1099 636 et
1138 584 1345 635 brevior
1391 596 1599 645 versus,
1644 594 1759 632 cum
1796 586 1971 648 partes
1999 580 2153 649 hujus
2197 581 2352 632 metri
2392 579 2608 646 major·-

329 671 514 724 saltem
557 687 658 725 non
710 680 815 726 tam
850 682 995 729 arcte
1027 674 1335 728 cohaereant
1377 689 1528 740 quam
1566 672 1620 725 in
1655 662 1877 751 &91:5⁸
1916 673 1961 740 ᾗ.
1983 677 2107 725 796.
2178 671 2240 723 In
2275 671 2381 723 hoc
2414 669 2606 736 dijan-

330 759 411 812 bis
451 759 653 813 duobus
700 762 1042 832 interponitur
1077 771 1411 833 anapaestus,
1472 763 1544 815 ita
1581 769 1640 816 nt
1681 763 1935 830 dijambus
1972 763 2026 816 in
2055 765 2159 816 fine
2193 763 2366 815 rarius
2401 762 2610 826 integer

329 865 591 926 servetur,
626 861 853 929 pulcrius
891 869 1069 915 contra
1101 870 1156 915 et
1182 862 1504 930 frequentius
1535 862 1864 915 catalecticus
1893 863 1977 914 sit.
2050 862 2172 917 Quo
2209 861 2262 912 in
2313 875 2481 913 versu
2514 860 2611 911 ni-

329 958 446 1011 uori
479 974 595 1011 cum
637 975 739 1012 vox
778 960 1011 1014 similiter
1041 961 1317 1015 decurrens
1365 963 1452 1015 ubi
1494 967 1723 1013 moretur
1755 967 2000 1029 quaerat,
2046 961 2225 1028 quinta
2271 974 2469 1011 versus
2503 959 2608 1024 syl-

331 1057 450 1109 laba
487 1073 580 1110 seu
619 1060 783 1127 prima
823 1061 1088 1128 anapaesti
1120 1077 1150 1113 e
1186 1076 1331 1113 more
1368 1060 1618 1129 producta
1658 1066 1740 1113 est
1777 1075 1943 1127 aeque
1980 1076 2043 1112 ac
2084 1064 2268 1111 octava
2306 1058 2364 1109 in
2392 1056 2609 1122 majori3

334 1177 391 1224 et
427 1178 607 1225 contra
638 1174 746 1241 jam
784 1182 906 1245 apte
948 1178 1350 1245 antepenultima
1392 1177 1563 1230 brevis
1596 1183 1839 1230 servata=
1910 1147 1950 1228 ὖ
1969 1143 2031 1216 -Ι-
2053 1195 2086 1226 υ
2107 1200 2170 1214 —
2191 1144 2271 1225 {a
2303 1137 2369 1214 L
2392 1191 2427 1223 υ
2455 1146 2524 1215 -Ι-
2548 1141 2605 1225 s.

329 1272 502 1327 Priori
554 1272 783 1342 dijambo
821 1276 872 1327 in
919 1281 1085 1328 metro
1131 1274 1228 1328 hoc
1278 1274 1474 1327 leviore
1521 1274 1842 1329 choriambus
1880 1275 2179 1343 frequenter
2227 1273 2362 1325 satis
2412 1271 2606 1324 substi—

328 1376 503 1427 tuitur.
595 1373 830 1426 Rarioris
865 1375 1070 1441 generis
1114 1380 1195 1427 est
1235 1389 1440 1426 carmen
1472 1375 1525 1427 in
1562 1391 1672 1441 quo
1720 1375 1862 1444 prior
1896 1390 2075 1426 versus
2115 1373 2354 1425 ultimam
2394 1370 2605 1438 ‹lijanu

331 1474 623 1526 catalectici
678 1474 870 1526 omittit
925 1480 985 1526 ut
1045 1475 1149 1526 arsi
1194 1488 1439 1538 vacuam,
1499 1474 1640 1542 quod
1701 1475 1752 1527 in
1801 1475 2027 1527 carmine
2089 1471 2360 1524 levissimo
2408 1468 2606 1521 facili-

330 1573 525 1640 fertur,
575 1572 729 1626 Ham.
783 1564 840 1642 ’μ
881 1577 990 1626 506
1030 1590 1106 1642 sq.
1126 1612 1144 1639 ‚
1214 1573 1415 1626 scilicet
1462 1574 1603 1642 quod
1650 1588 1828 1627 versus
1872 1571 1954 1625 hie
2009 1571 2122 1639 jam
2192 1585 2313 1623 esse
2374 1567 2611 1621 videtur:

330 1661 358 1672 '¹'
416 1665 429 1692 Ι
872 1664 884 1690 Ι
1006 1664 1021 1691 0

329 1710 365 1743 υ
391 1718 454 1734 ·-
477 1711 509 1743 ν
536 1718 598 1733 -
624 1717 692 1732 -—
709 1729 727 1757 ‚
779 1709 812 1742 ν
841 1718 898 1732 -
925 1710 957 1742 υ
981 1717 1038 1733 -
1061 1730 1076 1744 .

198 1861 309 1911 ⁸⁰0
467 1865 565 1933 11)
604 1802 837 1955 {522
877 1855 1077 1929 (agile)
1108 1858 1364 1911 recentius
1406 1852 1526 1908 mibi
1555 1860 1775 1907 metrum
1804 1852 2009 1905 videtur
2050 1867 2119 1903 ex
2156 1852 2247 1904 illo
2290 1851 2399 1903 levi
2438 1858 2605 1901 muu-

682 1951 704 1963 O

331 2001 475 2052 tione
524 2004 709 2052 ortum.
800 1995 934 2050 Nam
971 1996 1229 2065 posterior
1273 1994 1411 2046 illins
1455 2006 1605 2060 pars,
1652 1958 1908 2055 dijambus
1953 1993 2236 2054 anapaesto
2268 1984 2605 2052 compositu,

329 2115 418 2169 hic
446 2113 627 2167 eadem
656 2128 865 2182 prorsus
888 2117 1000 2176 est3
1037 2109 1129 2163 sed
1157 2109 1297 2177 prior
1322 2108 1531 2163 brevius
1554 2122 1650 2175 pro
1664 2121 1729 2158 eo
1749 2111 1898 2157 sonat
1916 2073 1948 2155 a
1965 2075 2031 2145 ·—⁸·
2047 2122 2079 2154 υ
2104 2070 2159 2142 ¹-
2185 2127 2253 2142 -—
2268 2140 2287 2166 ,
2344 2102 2495 2169 quasi
2523 2116 2603 2152 se-

331 2215 438 2267 ries
474 2214 562 2265 illa
593 2211 691 2265 hoc
727 2213 778 2264 in
817 2213 921 2265 situ
966 2227 1068 2264 non
1105 2209 1335 2280 perfecta
1382 2209 1480 2263 sit,
1520 2206 1613 2259 sed
1658 2204 1903 2272 abrupta,
1959 2207 2013 2255 et
2056 2201 2124 2253 ad
2149 2200 2362 2253 modum
2399 2199 2605 2265 diiambi

330 2313 437 2365 una
482 2311 678 2379 syllaba
724 2313 864 2364 aucti
909 2311 1106 2365 relicta.
1193 2309 1375 2361 Oritur
1418 2307 1495 2358 sic
1542 2310 1759 2357 metrum
1802 2303 1892 2354 illo
1941 2300 2163 2353 celerius
2213 2304 2269 2350 et
2321 2297 2607 2365 abruptius,

332 2414 500 2465 minus
528 2411 796 2478 aequabile
830 2416 884 2462 et
907 2408 1170 2472 sedatum,
1206 2423 1305 2459 nec
1338 2422 1442 2457 non
1474 2404 1638 2456 minus
1668 2402 1962 2463 excultum,
2000 2405 2232 2452 ceterum
2257 2400 2524 2449 structura
2556 2402 2606 2447 et

331 2512 534 2564 ratione
571 2511 618 2563 ei
657 2509 965 2578 proximum.
1037 2507 1269 2559 Utuntur
1308 2520 1372 2556 eo
1409 2500 1544 2554 hand
1582 2515 1727 2565 raro,
1763 2499 1856 2551 sed
1893 2500 2058 2550 minus
2095 2503 2270 2549 tamen
2299 2495 2606 2562 frequenter

334 2645 489 2699 quam
527 2635 695 2682 metro
731 2615 956 2717 bagua-dl
976 2669 1000 2708 3
1035 2625 1303 2691 magisque
1349 2622 1402 2672 in
1450 2617 1745 2671 levioribus.
1840 2612 2177 2666 Choriambus
2225 2618 2286 2664 ut
2330 2612 2388 2664 in
2434 2610 2607 2664 leviori

335 2754 505 2802 metro
543 2747 611 2799 ab
643 2747 787 2799 initIo
826 2743 1284 2814 frequentissimus.
1379 2738 1573 2794 Quinta
1622 2733 1854 2801 syllaba,
1903 2732 1955 2783 in
1991 2732 2094 2797 qua
2137 2729 2381 2782 recitatio
2432 2727 2605 2780 adne-

337 2849 462 2901 dum
512 2845 771 2899 inhibetur
810 2846 1064 2911 simulque
1108 2847 1169 2894 ut
1208 2841 1260 2891 in
1296 2837 1467 2891 medio
1500 2851 1654 2887 versu
1692 2838 1948 2896 moratur,
2006 2837 2114 2881 tam
2148 2833 2451 2880 constanter
2491 2840 2603 2894 pm-

336 2948 496 3001 ducta
532 2952 642 3011 est,
693 2953 754 2999 ut
788 2947 958 2997 brevis
994 2941 1224 3009 syllabae
1258 2937 1495 3005 exempla
1523 2933 1777 2986 rarissime
1807 2931 2045 2992 veniant3
2092 2927 2232 2993 quod
2267 2927 2361 2978 ubi
2396 2927 2495 2989 fit,
2526 2939 2603 2976 se—

336 3062 500 3115 quens
540 3061 654 3099 eam
694 3046 892 3111 syllaba
930 3045 1098 3097 brevis
1129 3041 1237 3108 jam
1289 3034 1582 3090 necessario
1622 3028 1951 3101 producenda
1988 3034 2086 3080 est.
2169 3026 2447 3094 Dijambus
2479 3025 2604 3076 alte·

335 3148 445 3201 rius
475 3146 721 3211 membri,
770 3160 886 3197 cum
916 3144 991 3196 sic
1025 3140 1158 3192 duae
1189 3136 1419 3203 syllabae
1455 3135 1642 3200 longae
1674 3129 2020 3201 praecedant,
2066 3125 2344 3194 ancipitem
2394 3123 2601 3193 prina-

335 3246 658 3314 frequentius
704 3245 912 3296 brevem
952 3245 1124 3294 servat
1168 3252 1320 3305 quam
1370 3233 1609 3304 producit
1650 3229 1723 3299 ¹).
1825 3223 2163 3281 Choriambus
2206 3238 2334 3277 vero
2386 3221 2604 3288 diss-1»

339 3345 461 3399 huic
508 3343 745 3396 substitui
779 3357 988 3411 prorsus
1026 3339 1219 3405 nequit.
1289 3337 1614 3402 Anapaestus
1651 3329 1876 3395 denique
1914 3326 1965 3378 in
1997 3326 2130 3388 fine,
2168 3328 2229 3373 ut
2264 3322 2317 3373 in
2343 3317 2602 3382 Elbosits,

340 3459 547 3512 semper
589 3458 746 3511 purus
790 3445 965 3495 manet
1003 3438 1242 3491 celeriter
1287 3433 1593 3496 decurrens,
1654 3436 1716 3482 ut
1753 3427 1916 3496 prima
1955 3439 2057 3477 non
2110 3421 2208 3475 nisi
2248 3420 2508 3473 rarissime
2552 3418 2603 3469 is

341 3558 495 3594 versu
532 3540 754 3608 rhythmi
799 3541 965 3594 finalis
1003 3542 1218 3606 experte
1259 3531 1509 3602 producta
1540 3529 1626 3581 sit.
1697 3523 1946 3593 Rhythmi
1987 3521 2153 3575 finalis
2188 3517 2376 3572 eadem
2402 3530 2603 3586 prorsus

343 3641 477 3692 ratio
517 3641 793 3708 conspicua
823 3644 904 3692 est
937 3653 1070 3706 quae
1107 3638 1159 3688 in
1192 3632 1430 3685 Elbasito
1452 3626 1528 3696 2).

465 3831 527 3899 1)
564 3831 849 3884 Rarissime
881 3846 950 3883 ex
981 3832 1030 3896 5.
1050 3833 1157 3881 780
1194 3826 1422 3880 occurrit
1452 3793 1488 3875 ι)-
1506 3794 1699 3889 -ι-υιῖ,
1745 3819 1898 3913 unde,
1910 3831 2088 3871 versus
2100 3813 2301 3931 §plures
2343 3812 2415 3864 ob
2450 3810 2601 3863 lieen-

575 3970 676 4021 tias
711 3970 870 4023 mirus
910 3969 1228 4037 explicatum
1294 3940 1461 4026 ὅ..
1496 3896 1648 4055 ΙῘΝὝ
1667 3950 1815 4037 §3⁴2
1859 3904 2066 4047 ᾦὲῑίε
2109 3913 2314 4056 §cl-1⁶:
2338 3991 2358 4011 .

417 4128 422 4137 '
463 4125 528 4191 2)
565 4123 801 4177 Dubitari
835 4125 1033 4194 possit,
1082 4138 1249 4176 annon
1284 4127 1505 4176 metrum
1540 4120 1639 4173 hoc
1681 4117 1865 4170 melius
1916 4128 1986 4167 ex
2026 4108 2255 4177 diiambo
2290 4106 2517 4173 simplice
2556 4108 2605 4154 et

575 4195 712 4246 serie
760 4197 912 4248 metri
956 4194 1262 4248 Muktadhib
1316 4197 1367 4258 5.
1398 4196 1503 4245 801
1552 4189 1892 4258 compositum
1931 4185 2027 4247 sit,
2073 4188 2135 4234 ut
2165 4179 2362 4232 Arabes
2404 4176 2601 4243 quida·

577 4272 756 4330 putant
804 4273 858 4317 et
912 4266 1023 4334 ipse
1061 4267 1183 4319 olim
1224 4266 1463 4332 opinatus
1498 4277 1630 4315 sum.
1719 4255 2035 4311 Sumeudum
2068 4254 2142 4305 ita
2180 4256 2349 4309 esset,
2398 4247 2601 4315 prina-
