2675 4692
374 315 609 413 Leges
654 320 1023 408 radicum,
1070 322 1408 415 stirpium
1431 377 1452 410 ,
1517 323 1943 399 formarum.
2197 341 2296 411 81

836 555 1063 624 Iamna
1107 557 1486 625 Sscmmns.

157 687 273 756 nu
326 689 734 761 nme-Um
792 679 1143 764 somus
1182 644 1705 773 EARUMQUE'
1728 672 2170 769 No'fiom

193 885 403 955 Voces
459 888 756 978 linguae,
821 914 1091 981 quarum
1152 894 1479 985 longiores
1521 892 1871 986 pleraeque
1912 906 2063 964 sunt
2102 896 2298 986 pluri·
2317 908 2422 962 14¹1

62 1018 260 1088 mque
334 1002 751 1092 syllabarum,
831 1028 912 1073 ex
967 1006 1289 1077 elementis
1350 1009 1740 1076 brevioribus
1796 1007 2110 1098 prodiisse
2171 1034 2305 1078 non

61 1116 375 1184 eommunis
442 1127 692 1185 tantum
742 1120 1022 1187 omnium
1074 1120 1437 1211 linguarum
1496 1121 1689 1191 docet
1727 1123 1891 1190 ratio
1914 1172 1935 1204 ‚
2001 1122 2120 1191 sed
2160 1124 2302 1212 ipsa

61 1245 278 1316 quoque
336 1253 574 1298 vocum
630 1232 1030 1300 arabicarum
1086 1234 1531 1331 consideratio.
1645 1234 1815 1302 Nam
1872 1234 1968 1301 vel
2011 1236 2303 1304 excultae

59 1338 128 1405 ad
142 1342 374 1436 justam
435 1347 777 1413 verborum
834 1349 1282 1438 nominumque
1330 1371 1695 1416 mensuram
1749 1347 2008 1437 liuguae
2049 1349 2301 1417 radices

63 1450 318 1543 (5148)
355 1460 657 1528 breviora
699 1459 1074 1544 ostendunt,
1125 1459 1298 1529 unde
1337 1454 1669 1549 prodiere,
1718 1460 2064 1545 elementa3
2109 1473 2302 1551 atque

62 1570 330 1638 vocabula
371 1571 574 1640 multa
590 1623 611 1655 ‚
653 1596 823 1663 quae
850 1575 1292 1663 pronominum
1333 1584 1402 1642 et
1436 1568 1885 1664 particularum
1910 1573 2032 1639 vim
2060 1583 2299 1658 tenent,

61 1710 118 1768 ¹¹²
141 1685 204 1783 [a
247 1703 429 1792 quid
443 1751 468 1783 ‚
536 1715 748 1797 etymo
787 1705 972 1775 unius
1018 1706 1299 1797 syllabae
1340 1705 1706 1773 brevissima
1744 1715 2130 1773 manserunt.

196 1894 329 1963 Sed
389 1920 561 1986 quae
614 1922 806 1968 voces
871 1898 957 1967 ad
999 1903 1336 1968 verborum
1378 1902 1825 1990 nominumque
1868 1900 2191 1968 notionem
2235 1911 2302 1969 et
2329 1926 2440 1978 148

17 2066 20 2077 .
66 2005 360 2077 flexionem
405 2013 645 2081 variam
685 2012 1026 2080 tenendam
1068 2013 1359 2082 excultae
1398 2024 1578 2105 sunt,
1621 2037 1738 2080 eae
1778 2017 1905 2080 una
1938 2037 2017 2080 ex
2042 2012 2302 2103 linguae

65 2117 182 2207 lege
229 2126 544 2214 perpetua
606 2121 691 2190 ad
751 2125 942 2192 trium
1019 2149 1323 2194 sonorum
1403 2129 1566 2193 bene
1635 2125 2072 2194 distinctorum
2154 2126 2309 2215 (seu

17 2256 20 2275 *
66 2232 218 2301 trium
285 2236 666 2304 radicalium
733 2237 1095 2325 literarum)
1171 2240 1475 2307 ambitum
1548 2250 1981 2307 excreverunt.
2108 2239 2310 2305 Hunc

67 2346 201 2414 enim
234 2350 435 2417 trium
481 2349 850 2418 radicalium
892 2352 1197 2419 ambitum
1237 2364 1616 2442 perpetuum
1660 2351 2051 2419 formationis
2085 2363 2308 2440 postu-

68 2457 137 2527 lat
179 2487 429 2554 aequae
493 2475 562 2533 et
627 2464 976 2530 concinnae
1030 2463 1134 2531 lex
1197 2464 1515 2554 quaedam
1569 2488 1833 2532 summa.
1948 2463 2120 2531 Nam
2161 2488 2310 2532 cum

69 2579 383 2667 praecipua
441 2576 834 2645 formationis
890 2578 1085 2644 virtus
1141 2587 1210 2645 et
1249 2577 1338 2643 vis
1379 2576 1446 2643 in
1486 2576 1808 2645 vocalibus
1851 2587 2107 2646 constet
2147 2578 2311 2645 intra

69 2686 266 2756 radicis
317 2691 549 2758 limites
586 2691 670 2758 ad
708 2691 997 2758 notiones
1039 2689 1518 2778 distinguendas
1561 2694 1767 2779 aequa
1806 2690 1957 2779 lege
1999 2690 2312 2759 variandis

72 2797 151 2888 (S.
180 2804 375 2893 152),
435 2815 568 2873 tres
624 2826 875 2893 semper
931 2801 1142 2870 adsint
1191 2826 1460 2872 necesse
1510 2814 1608 2871 est
1639 2803 1870 2871 radicis
1915 2805 2086 2885 soni,
2147 2804 2316 2871 intra

17 2920 20 2989 Ε
72 2936 203 3002 quos
255 2917 516 2986 vocales
559 2930 628 2986 et
668 2919 818 2986 satis
858 2917 1093 2985 multae
1138 2927 1331 3006 atque
1374 2918 1747 3007 perspicuae
1785 2927 1852 2984 et
1893 2916 2119 2983 eadem
2161 2939 2315 2983 con-

17 3040 20 3125 j
73 3028 218 3097 tinuo
282 3032 494 3098 forma
545 3030 775 3098 variari
826 3029 1090 3118 possint.
1203 3029 1513 3118 Adeoque
1568 3030 1732 3097 haec
1794 3030 1984 3097 trium
2024 3029 2315 3097 radicum

17 3128 20 3211 ἶ
73 3143 205 3209 mio
247 3142 645 3224 dominatur,
704 3154 778 3210 ut
823 3164 1015 3212 voces
1073 3151 1140 3209 et
1192 3143 1389 3229 nimis,
1424 3143 1664 3231 longae
1700 3165 1899 3231 saepe
1935 3143 2317 3210 contrahan-

17 3218 20 3355 ἑ
78 3265 161 3320 1¹¹1·
227 3269 295 3326 et
362 3258 544 3325 nimis
627 3260 856 3326 breves
917 3280 1003 3324 ac
1068 3257 1283 3323 fluxae
1358 3252 1649 3324 redditae
1715 3257 1879 3322 nova
1940 3254 2320 3324 formatione

17 3388 20 3417 ε
77 3384 423 3458 auge-ntur.

215 3555 386 3639 Cum
436 3554 529 3622 ita
580 3552 834 3621 vocales
889 3554 1177 3623 notiones
1240 3573 1409 3642 quae
1465 3575 1545 3620 ex
1601 3551 1824 3623 radice
1865 3549 2136 3621 derivari
2174 3574 2324 3643 pos-
2349 3577 2455 3630 149

17 3664 20 3751 !
87 3678 204 3736 mut
250 3665 690 3758 distinguendi
745 3671 941 3734 causa
999 3665 1229 3734 eodem
1275 3668 1446 3736 intra
1522 3690 1743 3763 omnes
1809 3666 2061 3733 radices
2127 3664 2324 3733 modo

89 3783 403 3864 mitantur,
475 3780 730 3849 radices
786 3781 1275 3849 consonantibus
1317 3782 1527 3871 potius
1566 3782 1769 3850 tribus
1812 3780 2135 3848 stabilibus
2174 3798 2329 3853 con-

90 3903 259 3976 stant,
311 3908 385 3963 ut
423 3894 658 3967 radicis
701 3895 794 3960 vis
837 3904 904 3962 et
947 3894 1122 3962 notio
1163 3916 1293 3961 non
1331 3917 1375 3962 e
1413 3894 1723 3963 vocalium
1769 3893 1889 3967 sed
1923 3916 1963 3960 e
2002 3893 2136 3961 sola
2177 3915 2332 3959 con-

17 4078 20 4085 *
95 4009 412 4075 sonantium
496 4006 900 4078 distinctione
973 4007 1266 4097 pendeat.
1411 4007 1548 4075 Sed
1639 4028 2003 4097 quanquam
2078 4006 2332 4075 radices

97 4116 364 4204 plurimae
401 4135 536 4191 tren
587 4122 830 4189 habent
889 4121 1316 4189 consonantes
1367 4120 1620 4187 stabiles
1665 4133 1732 4188 et
1773 4119 2099 4188 distinctas
2115 4170 2136 4202 ‚
2176 4142 2335 4186 non-

17 4226 20 4247 ³
100 4231 272 4301 mnae
321 4244 536 4302 tamen
579 4222 969 4317 breviorem,
1025 4256 1193 4324 quae
1233 4233 1578 4321 antiquitus
1623 4233 1774 4316 suit,
1830 4236 2134 4304 ambitum
2175 4233 2338 4303 fide-

105 4340 196 4411 hs
240 4360 582 4415 servarunt.
673 4348 888 4457 'Nam
941 4369 1022 4415 ex
1070 4346 1465 4414 brevioribus
1521 4348 1706 4415 unius
1775 4346 2055 4437 syllabae
2106 4344 2339 4411 radici-

849 4450 898 4477 ⁴‘
1729 4460 1775 4524 6
