2675 4692
319 290 334 303 ⁴
401 293 520 365 De
572 296 952 367 nominum
987 293 1346 388 'junctura
1391 307 1464 365 et
1516 295 2013 369 declinatione.
2201 314 2353 395 219

232 477 375 546 Sed
447 474 785 565 singularis
842 499 1140 567 quoque,
1206 475 1311 545 cui
1381 500 1421 544 e
1474 477 1701 567 regula
1759 478 2108 566 perfectior
2163 483 2486 559 triumass

77 614 332 660 casuum
381 588 725 659 declinatio
767 593 1028 681 propria
1071 603 1208 675 est,
1264 592 1331 658 in
1373 591 1593 660 formis
1637 591 2123 682 nominibusque
2163 600 2356 668 certis

74 704 223 773 dnos
262 716 520 774 tantum
564 727 754 772 casus
793 703 1162 794 distinguit,
1222 726 1392 772 nom.
1434 728 1555 794 per
1596 728 1677 786 u,
1720 727 1943 775 casum
1985 708 2111 779 obl.
2152 733 2271 799 per
2309 736 2360 778 a

75 817 130 907 S.
159 819 309 887 333.
422 820 611 894 Quae
672 818 1013 909 simplicior
1066 818 1130 884 in
1187 839 1287 905 sg.
1332 817 1684 886 declinatio
1712 818 1788 886 iis
1829 821 2090 910 propria
2130 826 2361 894 mansit

73 934 424 1001 nominibus
468 953 648 1021 quae
687 930 1144 997 nuaationem
1190 953 1318 998 non
1362 931 1636 1015 habent;
1695 955 1823 999 non
1865 934 2104 1004 babent
2144 950 2358 1007 autem

70 1050 204 1138 quia
263 1059 384 1117 aut
433 1047 615 1138 justo
677 1043 930 1133 longior
985 1044 1051 1111 in
1110 1044 1284 1112 vocis
1343 1044 1472 1113 fine
1527 1045 1661 1116 visa
1721 1059 1821 1116 est
1863 1060 1978 1117 aut
2018 1050 2247 1119 inutilis
2291 1064 2360 1122 et

72 1191 416 1279 superflua.
513 1187 619 1254 Ea
672 1198 930 1275 praeter
970 1198 1151 1255 term.
1196 1185 1344 1252 fem.
1384 1160 1530 1261 §J-
1565 1189 1822 1259 omnino
1862 1213 2128 1259 casuum
2168 1193 2356 1281 igna-

72 1328 192 1371 ram
250 1300 326 1394 §.
374 1303 509 1369 285
539 1300 774 1366 ‘varias
830 1297 1089 1389 quidem
1145 1299 1589 1389 complectitur
1643 1304 1881 1372 formas
1925 1318 1992 1374 et
2033 1306 2359 1375 nominum

71 1440 351 1507 genem3
396 1414 516 1484 sed
554 1436 684 1481 non
725 1437 916 1481 omne
959 1414 1065 1481 hic
1100 1426 1334 1502 regnat
1376 1416 1741 1501 arbitrium3
1793 1418 1923 1487 imo
1965 1442 2203 1487 causae
2244 1444 2358 1510 ap-

73 1546 297 1622 parent
353 1531 693 1599 universae
765 1529 996 1618 quibus
1055 1526 1315 1594 nunatio
1377 1527 1563 1616 (nam
1623 1528 1710 1597 ad
1759 1532 1927 1602 hanc
1987 1534 2094 1602 hic
2147 1536 2362 1603 omnia

74 1644 439 1735 redeunt)‘
420 1667 487 1711 m
525 1644 603 1710 iis
645 1640 998 1711 omittenda
1039 1641 1403 1710 videretur.
1458 1641 1529 1730 ¹)

230 1834 317 1921 1)
372 1832 636 1901 nunatio
700 1831 1008 1899 omittitur
1063 1831 1149 1907 ob
1208 1829 1495 1898 vocalem
1520 1854 1584 1922 ⁸‚a
1628 1830 1961 1899 fortiorem
2014 1833 2359 1922 praeviam,
2379 1855 2489 1906 aas

71 1971 229 2037 quae
277 1960 505 2016 tonum
549 1943 824 2029 detinet3
889 1945 1110 2035 fitque·
1129 1942 1198 2011 id
1243 1944 1322 2032 1)
1364 1946 1669 2013 continuo
1712 1945 1777 2012 in
1820 1944 2159 2013 collectivis
2203 1970 2361 2037 qua-

73 2137 410 2217 driliteris‚
453 2135 702 2202 formae
738 2075 903 2205 3³⁸5
935 2132 1004 2200 in
1045 2136 1173 2223 qua
1225 2136 1266 2202 a
1311 2133 1467 2201 illud
1509 2132 1837 2203 secundae
1880 2131 2164 2221 syllabae
2204 2154 2359 2222 reg-

73 2284 207 2351 nat,
249 2279 328 2337 nt
370 2289 569 2358 supra
609 2263 674 2357 §.
706 2265 954 2332 315-17
999 2264 1069 2333 in
1108 2266 1376 2356 singulis
1422 2267 1713 2333 omnibus
1756 2287 2013 2355 semper
2053 2267 2361 2333 observa-

72 2398 185 2451 tur.
225 2421 321 2433 —
392 2383 464 2449 Si
509 2392 725 2448 tamen
771 2378 1106 2467 contingat
1150 2390 1225 2447 ut
1268 2380 1356 2445 ob
1388 2391 1445 2454 εξ
1480 2378 1766 2446 ultimam
1801 2377 2148 2447 radicalem
2191 2378 2361 2446 duae

76 2497 351 2587 syllabae
410 2504 740 2561 extremae
794 2492 1047 2560 brevius
1088 2492 1154 2558 in
1197 2515 1389 2559 unam
1435 2491 1801 2561 coalescant
1843 2488 1946 2582 (§.
1989 2492 2196 2579 102),
2253 2516 2363 2560 vo-

2062 2638 2087 2653 .
2103 2612 2136 2655 z

79 2683 217 2750 calis
285 2683 382 2750 ita
418 2680 645 2768 gor-iens
691 2680 722 2746 t
756 2678 1165 2748 nunationem
1207 2691 1425 2770 potest
1462 2680 1797 2770 recipere,
1858 2691 1931 2750 ut
1972 2666 2113 2789 ζέω
2135 2724 2158 2759 ,
2188 2669 2367 2791 ,ἐντ’

79 2828 139 2882 et
176 2814 304 2881 alia
347 2833 550 2901 supra
597 2808 663 2902 ς.
701 2809 834 2877 318
875 2823 1188 2880 enarrata.
1298 2811 1752 2900 Invenitur-que
1795 2812 2164 2902 frequenter
2202 2813 2368 2881 haec

82 2927 376 2994 formatio
430 2926 498 2991 in
560 2924 951 3014 appellativis
1015 2924 1409 3006 nominibus,
1481 2948 1649 3013 quae
1691 2926 2024 2994 articulum
2067 2926 2366 3016 frequen-

81 3043 197 3108 tius
252 3039 604 3131 patiuntur.
686 3038 918 3106 Potest
953 3048 1172 3106 tamen
1214 3049 1282 3106 et
1325 3061 1491 3105 novo
1533 3036 1729 3105 modo
1772 3042 1794 3105 i
1837 3040 1932 3107 sic
1972 3041 2244 3120 servari,
2296 3053 2367 3109 ut

83 3170 224 3223 ante
278 3152 792 3222 terminationem
853 3174 1041 3219 casus
1105 3150 1522 3220 accedentem
1577 3151 1642 3217 in
1703 3152 2142 3221 semivocalem
2183 3152 2367 3222 simul

89 3341 517 3410 condensetur
574 3334 695 3427 (§.
735 3336 912 3426 96),
976 3349 1047 3406 ut
1110 3272 1336 3440 ‘35ng
1396 3341 1712 3428 virgines
1752 3340 1942 3407 Kam.
1996 3361 2189 3429 qnam
2232 3342 2363 3408 for-

91 3526 248 3570 mam
286 3510 530 3591 poetae
573 3507 905 3565 novarunt.
987 3499 1074 3565 At
1115 3497 1171 3564 si
1209 3498 1275 3565 in
1321 3498 1450 3564 fine
1486 3474 1632 3572 §.s-‘—
1667 3499 2128 3588 pronunciatur
2147 3551 2169 3581 ‚
2212 3501 2363 3590 quia

94 3617 361 3684 feminini
430 3613 615 3681 simul
672 3610 1129 3679 terminationis
1186 3611 1385 3678 instar
1442 3610 1717 3679 habetur
1737 3661 1757 3693 ‚
1834 3613 2095 3680 nunatio
2151 3613 2364 3682 locum

95 3730 319 3797 babere
375 3727 614 3816 nequit.
665 3762 754 3775 —-
842 3722 923 3813 2)
966 3724 1247 3792 similiter
1300 3736 1452 3814 post
1494 3726 1533 3791 a
1573 3724 2025 3796 terminationis
2072 3729 2218 3796 fem.
2260 3742 2321 3807 A
2342 3732 2368 3747 ‘

95 3841 151 3932 §-
182 3846 344 3925 285,
430 3841 613 3932 cujus
657 3839 946 3929 exempla
987 3838 1256 3928 plurima
1300 3860 1496 3927 snpra
1547 3839 1734 3906 obvia
1776 3840 1975 3907 fuere.
2018 3878 2104 3891 —
2174 3841 2258 3928 3)
2298 3841 2364 3909 in

101 4031 405 4122 adjoefias
466 4031 714 4096 formae
755 3958 1224 4100 ffi⁵⁵0mnibus
1273 4025 1503 4115 §.251
1548 4052 1676 4117 sq„
1737 4030 1977 4119 quippe
2029 4029 2094 4096 in
2150 4031 2276 4118 qua
2315 4053 2365 4095 a

201 4255 258 4321 1)
293 4250 522 4308 Arabnin
557 4254 875 4319 grammatici
928 4259 1173 4323 pnantum
1225 4254 1280 4306 in
1328 4252 1408 4306 his
1462 4253 1835 4306 hallucinentnr
1869 4258 1924 4305 et
1958 4252 2174 4306 inaniter
2208 4253 2363 4306 desu-

302 4343 453 4407 dent,
490 4340 633 4394 v.⁸in
669 4345 827 4410 Sacyi
864 4342 1001 4398 anth.
1039 4340 1199 4412 11296.
1236 4352 1291 4399 et
1322 4352 1427 4400 not.
1466 4350 1760 4414 p..235-8.
