2675 4692
569 176 687 246 De
739 178 993 249 ordine
1049 190 1121 248 et
1165 182 1236 253 vi
1286 128 1854 256 vocabulorum}
2190 198 2337 269 183

22 358 152 424 die
217 359 416 446 ejus,
503 380 633 448 quo
693 367 829 427 tum
884 362 1189 450 temporis
1249 361 1420 433 forte
1482 378 1653 447 erat,
1729 366 1769 433 i.
1829 388 1890 455 q.
1948 365 2340 453 confestim,

47 490 84 520 0
161 487 257 520 ⁴00
341 485 376 520 0

32 531 256 664 f-{LgJ
317 551 409 621 &-
467 544 632 611 inde
675 541 762 610 ab
801 543 938 612 illa
977 557 1205 628 nocte,
1255 550 1381 637 qua
1423 564 1636 632 erant,
1681 553 1961 632 statam,
2003 497 2282 654 ἕςοῑε
2243 565 2337 634 c,-

30 703 132 771 ab
191 728 276 770 eo
335 704 487 793 ipso
538 725 724 767 anno
767 702 936 792 (quo
983 703 1204 791 eraut)
1247 705 1521 774 Wakedi
1567 712 1725 798 Aeg.
1769 708 2174 795 p.147,u1t.
2228 712 2336 792 61,

35 823 145 887 17.
190 820 313 899 66,
359 819 423 884 8.
469 815 616 896 100,
656 816 721 883 7.
839 814 941 883 Ad
1001 829 1403 905 praesentem
1470 822 1525 888 si
1579 843 1793 890 sermo
1848 822 2147 906 vertitur,
2205 844 2333 890 non

719 957 747 974 o
835 942 958 977 020-
979 944 1041 977 0-
1099 959 1126 975 ι·
2052 961 2053 964 “

34 1006 254 1071 minus
317 1000 551 1070 dicitur
607 985 754 1109 ξῗώ
818 979 1216 1098 Qui-3¹0⁴
1264 1017 1582 1071 mortuus
1623 1019 1727 1072 est
1769 1007 1901 1073 hac
1945 1005 2104 1095 iperi
2137 1017 2334 1074 nocte

40 1166 298 1242 vestra,
358 1162 487 1250 qua
529 1161 898 1243 versamini,
952 1161 1175 1232 Einav.
1218 1188 1280 1254 p.
1301 1167 1410 1246 76,
1451 1166 1552 1233 15.
1598 1166 1701 1231 16.
1824 1163 2142 1231 Suffixum
2185 1186 2329 1254 per-

35 1299 248 1344 sonae
311 1274 512 1363 igitur
563 1271 628 1339 in
686 1274 784 1342 his
813 1275 1309 1361 definitionem,
1371 1300 1541 1367 quae
1594 1277 1868 1367 cogitari
1909 1290 2159 1367 potest,
2220 1301 2330 1345 ex-

38 1389 438 1458 actissimam
482 1387 756 1455 breviter
792 1388 1060 1478 supplet.

215 1607 537 1674 Ceterum
578 1614 651 1673 ut
691 1628 770 1673 ex
812 1605 909 1675 bis
951 1607 1421 1697 pleonasmum,
1465 1607 1573 1696 qui
1607 1607 1758 1696 jure
1790 1609 1878 1676 ita
1921 1632 1996 1675 ex
2035 1607 2329 1674 arabismi
2356 1625 2464 1673 6⁷9

40 1720 258 1787 indole
305 1719 576 1799 dicatur,
620 1719 854 1786 nullum
902 1743 1045 1788 esse
1079 1730 1367 1810 apparet,
1410 1719 1501 1788 ita
1528 1720 1756 1809 ellipsis
1791 1744 1918 1787 non
1948 1719 2133 1789 adest
2160 1742 2329 1808 quae

43 1858 195 1901 vere
243 1833 342 1903 ita
397 1844 677 1900 vocetur.
762 1832 931 1899 Nam
990 1834 1270 1923 ineptum
1329 1844 1464 1916 est,
1520 1855 1597 1900 ea
1657 1833 1741 1900 ad
1783 1831 2021 1920 eliipsin
2062 1830 2330 1906 referre,

45 1970 213 2035 quae
274 1970 359 2013 ex
420 1957 679 2014 nostrae
737 1958 981 2014 tantum
1043 1946 1302 2036 linguae
1359 1948 1554 2035 genio
1598 1946 1826 2013 deesse
1867 1944 2196 2025 videntur,
2262 1943 2326 2009 in

49 2061 372 2127 arabismo
416 2056 645 2126 adesse
688 2072 1030 2148 nequeunt.
1117 2060 1191 2127 Si
1226 2058 1382 2150 quid
1427 2082 1577 2127 vero
1623 2061 1707 2127 ad
1736 2060 1982 2148 justum
2027 2058 2327 2125 enuncia-

51 2149 232 2241 tionis
278 2172 616 2262 cujuslibet
658 2174 963 2240 ambitum
1007 2172 1102 2239 vel
1148 2196 1405 2241 sensum
1448 2173 1856 2262 perspicuum
1913 2193 2061 2237 vere
2119 2171 2325 2252 deest,

51 2286 116 2352 id
172 2286 262 2354 ita
322 2296 762 2374 comparatum
819 2298 1007 2375 puta,
1083 2295 1156 2354 ut
1214 2308 1252 2352 e
1291 2287 1604 2353 sermonis
1647 2308 1812 2352 nexu
1852 2283 2027 2351 haud
2073 2283 2325 2351 deside-

52 2412 243 2468 retur.
347 2400 450 2467 Ita
508 2410 742 2488 poetae
793 2421 994 2489 ⁸saepe
1034 2421 1373 2488 personam
1416 2397 1515 2464 vel
1558 2406 1694 2464 rem
1732 2399 2142 2487 pronomine
2187 2409 2329 2466 tan-

53 2525 181 2580 tum
225 2537 349 2580 suo
393 2512 771 2600 insigniunt,
818 2514 949 2580 sive
990 2513 1054 2579 in
1098 2511 1299 2579 vivida
1344 2513 1437 2579 rei
1479 2535 1623 2578 mox
1670 2512 1929 2578 uberius
1975 2510 2328 2599 depingen-

58 2624 174 2692 dae
202 2627 656 2715 descriptione,
696 2625 827 2693 sive
865 2623 1040 2714 quod
1085 2625 1409 2693 auditores
1449 2623 1515 2690 id
1562 2647 1601 2690 e
1642 2647 1808 2692 nexu
1844 2624 2149 2692 sermonis
2188 2623 2328 2688 uni-

56 2763 230 2807 verso
274 2761 396 2832 per
437 2762 511 2809 se
552 2738 739 2806 facile
777 2728 1165 2806 concludere
1208 2760 1403 2828 posse
1444 2737 1617 2804 baud
1664 2738 1900 2805 frustra
1927 2735 2202 2805 credunt
2240 2736 2325 2831 ¹),

63 2851 357 2923 Simiiiter
412 2861 647 2942 poetae
706 2853 1242 2920 substantivorum
1301 2853 1447 2919 loco
1503 2851 1856 2940 adjectiva
1902 2849 2325 2937 descriptiva

62 2988 292 3053 ponere
334 2966 401 3033 in
444 2963 680 3031 deliciis
725 2963 995 3033 habent:
1037 2963 1166 3030 boc
1206 2966 1374 3031 enim
1414 2965 1666 3032 omnino
1710 2987 1791 3030 ex
1833 2963 2130 3030 arabicae
2170 2984 2352 3049 poe-A

64 3100 199 3145 seos
254 3079 472 3147 indole
514 3090 645 3160 est,
701 3089 774 3146 ut
811 3101 959 3145 cum
1004 3079 1217 3144 omnia
1256 3079 1320 3145 in
1362 3078 1581 3165 lingua
1625 3078 1751 3144 hac
1792 3075 2073 3141 recentia
2116 3074 2323 3159 magis

66 3190 387 3282 vividaque
445 3212 637 3281 quam
691 3192 820 3259 fixa
872 3205 938 3261 et
979 3203 1268 3259 emortua
1308 3190 1470 3272 sint,
1534 3211 1637 3255 res
1680 3210 1938 3276 quoque
1981 3197 2168 3253 notas
2208 3183 2322 3250 de-

69 3305 362 3393 scriptivis
414 3305 661 3372 idoneis
716 3317 785 3374 et
824 3305 1189 3373 recentibus
1226 3304 1493 3371 innuere
1531 3300 1841 3380 sufficiat,
1897 3300 1951 3366 si
1993 3321 2194 3365 nexus
2238 3299 2321 3364 si-

70 3417 189 3483 mul
242 3418 548 3486 sermonis
610 3441 690 3483 eo
752 3417 919 3487 serat
959 3422 1054 3500 :ut
1097 3417 1477 3506 descriptiva
1520 3414 1665 3483 talia
1709 3413 1961 3480 omuino
2003 3435 2130 3478 non
2174 3436 2322 3500 pos-

72 3530 185 3598 sint
225 3554 352 3599 non
396 3531 710 3619 dignosci.
804 3531 992 3618 Ergo
1037 3552 1154 3622 pro
1193 3553 1352 3596 ense
1392 3527 1850 3615 significantius
1895 3525 2112 3593 dicunt
2152 3549 2325 3591 ecm-

72 3642 331 3709 dentem
389 3643 485 3710 vel
544 3643 1064 3725 Jemcmensem‚
1129 3644 1412 3709 celerem
1457 3665 1574 3733 pro
1617 3663 1816 3730 equo,
1870 3636 2161 3704 rubrum
2205 3659 2323 3726 pro

75 3751 245 3820 labio
285 3771 353 3826 et
392 3768 701 3825 sexcenta
744 3755 896 3839 alia3
940 3779 1063 3823 nec
1103 3754 1228 3822 id'
1211 3779 1274 3821 m
1318 3755 1773 3843 antiquioribus
1815 3752 2021 3841 poetis
2067 3751 2324 3817 obscuri

78 3867 218 3953 quid
274 3871 504 3952 habet,
568 3891 932 3978 quanquam
993 3869 1267 3936 seriores
1323 3868 1390 3935 id
1459 3869 1642 3936 nimis
1700 3890 1824 3935 nec
1876 3866 2030 3934 satis
2087 3865 2325 3952 ubique

81 3993 215 4066 apte
285 3985 780 4075 frequentarunt.
908 3982 1113 4050 Panio
1175 3984 1435 4070 gravius
1492 3996 1623 4060 est,
1698 3984 1746 4049 si
1804 3981 2065 4047 verbum
2121 3975 2322 4048 solum

199 4209 248 4276 l)
284 4213 345 4266 ef.
382 4212 589 4267 Reiskii
623 4217 730 4266 not.
767 4212 832 4264 ad
870 4209 1042 4264 Taras.
1082 4208 1157 4261 M.
1194 4225 1242 4260 v.
1278 4210 1365 4261 40.
