2675 4692
1070 175 1189 246 De
1237 179 1565 250 articulo.
2400 200 2452 273 ’Ζ

155 436 517 504 derivatum
574 445 802 503 notare
852 446 1112 526 potest,
1171 445 1247 506 ut
1288 371 1412 535 ζῑὲῗ
1446 412 1597 502 ιῐῖεε
1654 437 1963 528 aliquot,
2026 385 2221 544 ..ξῷ
2277 382 2450 545 {xxii}

150 568 413 635 Indiae
472 579 620 637 sunt
667 591 891 655 regna
932 569 1243 658 aliquot,
1300 566 1519 658 plura,
1583 571 1802 637 nescio
1845 584 2005 661 quot
2043 574 2254 643 Abuls.
2300 598 2442 642 ann.

151 685 397 752 anteisl.
442 708 504 773 p.
541 684 702 763 172,
744 683 787 747 6
831 681 875 748 f.
985 682 1066 749 Id
1122 692 1348 751 notatu
1403 696 1505 753 est
1563 683 2025 774 dignissimum.
2128 688 2445 757 Derivan-

152 797 315 865 dum
356 797 506 865 hinc
544 808 615 866 et
655 794 842 879 illud,
898 795 1073 884 quod
1116 798 1289 887 apud
1330 802 1791 887 grammaticos
1835 825 2032 894 saepe
2075 801 2206 871 duo
2229 828 2441 873 ‹voca-

940 928 1065 961 μοι

152 985 309 1054 bula
359 986 659 1056 dicuntur
719 1010 865 1055 esse
935 985 1089 1090 asin}
1146 982 1675 1075 significatione
1713 988 1897 1069 ιιηά,
1954 1015 2077 1082 pro
2121 1016 2250 1085 quo
2293 995 2440 1062 bre-

1700 1154 1727 1170 e
1819 1140 1927 1174 ‘0⁶

148 1192 411 1263 vissime
456 1192 630 1263 dicto
680 1193 1037 1264 distinctius
1085 1192 1230 1261 alibi
1283 1190 1519 1262 dicitur
1561 1185 1731 1306 ᾖξ’,
1789 1213 1989 1304 φας.

169 1502 207 1535 ο
326 1402 637 1470 Ceterum
692 1402 778 1470 cs.
834 1424 1021 1470 usum
1079 1400 1255 1470 vocis
1313 1342 1479 1479 0203
1535 1397 1601 1490 §.
1627 1404 1760 1472 517
1820 1416 1891 1474 et
1944 1407 2436 1496 praepositionis

147 1568 252 1638 ὰ·
347 1613 362 1628 .
391 1561 523 1629 576
566 1586 596 1630 s
646 1613 663 1630 .

218 1647 248 1663 ο
292 1559 668 1764 §Hactenuls
709 1691 795 1761 de
837 1666 1123 1762 articulo.
1209 1693 1649 1765 Transeamus
1680 1697 1819 1788 jam
1863 1697 1948 1767 ad
1988 1701 2249 1769 nomina
2277 1702 2435 1790 ipsa.

326 1859 841 1929 Nominativus
885 1863 1175 1950 ponitur,
1221 1861 1587 1950 ubicunque
1628 1885 1862 1932 nomen
1917 1888 2038 1957 per
2068 1890 2141 1934 se
2189 1878 2351 1952 stat,
2395 1891 2437 1936 a
2462 1905 2571 1953 ⁵09

144 1974 321 2042 nullo
380 1974 693 2043 vocabulo
752 1974 852 2044 vel
909 1977 1171 2044 notione
1247 1974 1662 2066 dependens,
1738 1977 1873 2045 sive
1932 1981 2292 2072 subjectum
2352 2005 2432 2049 eo

143 2167 533 2236 enuncietur
604 2168 744 2235 siue
818 2161 1258 2255 praedicatum
1319 2164 1715 2255 proximum,
1781 2177 1855 2235 ut
1914 2108 2168 2239 ffilaejss'
2236 2169 2431 2238 dixit

140 2358 360 2438 deus,
431 2284 583 2444 ,ζῇ
626 2298 730 2410 :llll
763 2355 935 2422 deus
977 2365 1079 2423 est
1112 2354 1491 2421 maximas.
1591 2353 1778 2423 Idem
1819 2357 1896 2424 fit
1939 2357 2002 2423 in
2046 2362 2437 2429 enunciatio-

141 2471 340 2538 nibus
405 2469 860 2562 interjectionis
904 2470 961 2535 vi
997 2468 1291 2560 prolatis,
1352 2466 1437 2534 de
1480 2469 1707 2558 quibus
1755 2494 1808 2536 v.
1851 2467 1917 2562 ἓ.
1942 2472 2071 2540 349
2115 2497 2208 2564 sq.
2297 2474 2434 2542 Sed

141 2606 490 2675 quousque
530 2584 694 2650 haec
736 2584 1099 2651 nominativi
1144 2583 1236 2650 vis
1282 2606 1357 2649 se
1390 2582 1695 2651 extendat
1731 2606 2021 2675 quosque
2061 2587 2227 2657 intra
2271 2590 2433 2659 fines

143 2699 492 2781 consistat,
554 2699 621 2765 id
683 2722 725 2764 e
780 2698 1010 2765 ceteris
1069 2697 1323 2766 casibus
1386 2696 1631 2765 collatis
1674 2699 1895 2766 melius
1941 2700 2168 2771 clucet.
2255 2703 2434 2771 Infra

138 2814 387 2901 igitur,
444 2812 815 2901 ubicunque
856 2834 1017 2901 opus
1074 2811 1422 2896 videbitur,
1469 2810 1555 2879 ad
1602 2813 2057 2889 nominativum
2102 2816 2291 2885 simul
2327 2840 2431 2915 re-

141 2929 508 3018 spiciemus.

323 3097 403 3164 In
445 3098 775 3179 omnibus,
831 3118 999 3185 quae
1056 3106 1396 3187 praeterea
1452 3097 1724 3186 cogitari
1780 3108 2089 3186 possunt,
2162 3100 2432 3167 nominis
2457 3125 2567 3174 510

128 3210 459 3306 jungendi
509 3212 862 3280 rationibus
904 3235 1136 3279 nomen
1190 3204 1444 3278 aliunde
1484 3210 1772 3300 pendens
1800 3211 2074 3300 ponitur.
2155 3213 2435 3283 Constat

140 3349 301 3394 vero
363 3349 443 3393 ex
499 3323 565 3418 ἓ.
607 3326 777 3407 330,
836 3323 904 3391 id
960 3326 1027 3393 in
1085 3325 1406 3425 arabismo
1468 3322 1703 3413 duplici
1747 3336 1994 3394 tantum
2052 3325 2248 3397 modo
2291 3330 2432 3396 fieri

138 3462 358 3531 posse.
454 3439 627 3507 Nam
671 3462 904 3507 nomen
945 3451 1058 3507 aut
1098 3463 1138 3506 a
1190 3440 1447 3505 nomine
1487 3438 1586 3505 vel
1628 3442 2101 3530 praepositione
2143 3445 2433 3531 proxime

142 3556 395 3620 annexa
448 3554 513 3620 in
569 3554 889 3642 genitivo
933 3538 1218 3643 pendere
1258 3565 1513 3642 potest,
1566 3567 1678 3621 aut
1719 3556 1782 3620 in
1825 3557 2228 3623 accusativo
2274 3558 2430 3624 libe-

137 3667 276 3734 rius
323 3688 441 3755 per
482 3689 555 3734 se
597 3667 872 3756 positum
917 3667 1239 3757 subjungi.
1346 3669 1497 3735 Hae
1539 3670 1808 3737 nominis
1853 3668 2107 3737 aliunde
2142 3671 2432 3760 penden-

140 3780 225 3849 tis
264 3779 604 3848 relationes
645 3781 919 3848 notionis
965 3792 1115 3849 sunt
1154 3783 1433 3851 maxime
1475 3786 1807 3853 universae
1837 3797 1904 3854 et
1932 3808 2161 3874 vagae,
2204 3798 2430 3877 utpote

140 3916 314 3983 quae
371 3893 521 3960 idea
575 3895 786 3984 potius
844 3918 1039 3985 quam
1079 3918 1154 3962 re
1197 3920 1313 3964 seu
1359 3899 1553 3966 verbo
1601 3898 1899 3968 distincto
1962 3901 2243 3968 vertitur.
2348 3905 2431 3970 At

128 4008 694 4096 praepositiones
734 4008 1076 4077 relationes
1119 4020 1256 4077 tum
1297 4011 1457 4096 has,
1513 4014 1717 4081 sicubi
1761 4036 1926 4103 opus
1964 4013 2251 4092 videtur,
2293 4028 2430 4084 tum

142 4132 396 4189 ceteras
468 4145 691 4190 omnes
758 4147 953 4213 quam
1016 4125 1418 4196 exactissime
1478 4126 1886 4211 describunt,
1966 4140 2041 4198 ut
2094 4130 2161 4196 in
2220 4131 2431 4212 multis

143 4234 491 4305 discrimen
513 4289 533 4319 ,
583 4237 761 4328 quod
807 4239 1178 4341 juncturam
1222 4242 1493 4310 nominis
1536 4241 1885 4331 simplicem
1926 4244 2096 4313 inter
2138 4256 2204 4312 et
2245 4244 2448 4335 prae-'
