2675 4692
201 497 269 545 17

320 305 417 374 10
1093 377 1101 386 ‚
1172 293 1711 388 Prolegomena.

482 473 742 541 Recens
796 471 959 540 haec
1016 472 1181 543 inter
1234 475 1670 543 Koraischitas
1727 471 1987 559 vulgata
2037 473 2356 563 scriptura
2409 494 2602 555 mox,

294 587 543 655 Korani
578 586 897 676 particulis
929 587 1189 674 singulis
1218 611 1256 653 e
1282 589 1420 653 vivo
1441 585 1792 675 prophetae
1824 606 1941 650 ore
1970 607 2012 651 a
2033 588 2260 654 scribis
2293 589 2605 677 exeeptis

296 701 620 789 literisque
675 699 1022 779 mandatis,
1083 698 1232 765 dein
1284 701 1553 768 Korano
1607 698 1862 784 integro
1919 699 2002 767 ab
2058 700 2430 779 Abubeero,
2453 700 2606 767 ool»

310 815 477 881 lecto
537 827 670 893 tam
727 814 1092 900 frequenter
1142 811 1303 878 libro
1360 834 1546 879 sacro
1603 808 2023 877 describendo
2067 811 2348 879 inserviit
2387 824 2610 899 atque

309 929 376 993 in
430 950 651 993 omnes
699 925 984 997 ‚Arabiae
1036 934 1277 991 tractus
1333 924 1759 1011 regionesque
1814 933 2063 989 exteras
2119 936 2299 993 tanto
2345 924 2609 995 ardore

306 1051 675 1128 propagata
732 1048 865 1117 est,
944 1045 1018 1102 ut
1074 1046 1294 1103 cetera
1360 1058 1526 1125 quae
1588 1020 1901 1107 Arabibus
1970 1048 2187 1103 essent
2255 1035 2606 1104 scribendi

307 1173 551 1239 genera
594 1150 963 1217 obliteraret
999 1170 1261 1236 prorsus
1301 1148 1569 1237 ipsaque
1611 1147 1744 1217 sola
1784 1158 2071 1215 maneret
2110 1129 2361 1217 usitata.
2454 1149 2608 1216 La-

308 1266 503 1331 bente
557 1275 850 1350 tempore
900 1282 1021 1327 nec
1078 1260 1216 1347 ipsa
1257 1260 1378 1326 sibi
1420 1260 1699 1328 constitit
1738 1259 2093 1348 multasque
2134 1263 2332 1331 subiit,
2371 1276 2607 1331 muta-

204 1468 209 1475 ·
306 1377 511 1445 tiones
558 1375 708 1441 satis
734 1367 1004 1461 graves.
1115 1373 1406 1447 Quarum
1447 1372 1702 1461 quidem
1743 1373 1809 1439 in
1850 1373 2210 1442 universum
2252 1388 2388 1445 tres
2436 1388 2610 1443 sunt

305 1512 542 1557 causae
585 1502 654 1555 et
691 1508 955 1575 genera.
1060 1483 1232 1552 Nam
1272 1485 1545 1573 primum
1585 1486 1900 1574 scriptura
1937 1484 2166 1553 eadem
2208 1485 2488 1554 diversis
2535 1487 2611 1553 in

302 1600 672 1688 regionibus
735 1596 973 1665 usitata
1029 1599 1258 1664 sensim
1312 1597 1378 1663 in
1432 1598 1634 1665 varias
1674 1620 1818 1665 sese
1859 1597 2154 1666 diffundit
2196 1598 2460 1686 species
2509 1598 2613 1662 le-

303 1715 464 1782 viter
505 1712 802 1779 diversas.
920 1709 1035 1776 Sic
1091 1708 1264 1796 apud
1317 1710 1561 1776 Arabes
1613 1732 1730 1798 pro
1787 1712 2038 1778 urbium
2075 1709 2409 1776 literarum
2458 1707 2610 1774 cul-

159 1831 178 1850 '
305 1839 450 1896 tura
505 1837 574 1894 et
625 1823 876 1892 Korani
928 1821 1231 1910 imprimis
1291 1820 1692 1889 describendi
1754 1823 2022 1891 officinis
2091 1823 2612 1910 conspicuarum

308 1942 609 2018 varietate
668 1937 848 2004 varia
912 1935 1211 2001 exstitere
1265 1933 1551 2024 ejusdem
1615 1936 1964 2025 scripturae
2019 1956 2284 2024 genera.
2419 1935 2612 2000 Dein

306 2056 620 2142 scriptura
682 2051 1050 2138 frequenter
1102 2047 1335 2115 usitata
1382 2068 1502 2136 pro
1544 2047 1716 2113 vario
1755 2070 1875 2114 usu
1893 2097 1913 2127 ‚
1991 2057 2066 2114 ut
2127 2068 2349 2127 sacro,
2422 2047 2614 2114 vitae

304 2166 617 2253 vulgaris,
691 2163 821 2229 aliis
841 2211 862 2243 ‚
924 2160 1161 2226 variam
1212 2159 1419 2227 induit
1475 2162 1779 2244 sormam3
1848 2158 2022 2226 unde
2078 2160 2395 2225 Arabibus
2463 2157 2613 2225 duo

303 2278 700 2368 potissimum
749 2286 894 2342 orta
937 2284 1085 2341 sunt
1120 2296 1398 2361 genera,
1457 2273 1756 2355 alterum,
1815 2272 2062 2342 Korani
2116 2270 2613 2359 exemplaribus

308 2403 375 2460 et
430 2389 853 2458 monumentis
915 2388 1183 2477 publicis
1237 2388 1597 2476 proprium,
1663 2386 1854 2455 literis
1899 2379 2196 2454 constans
2237 2385 2615 2474 majoribus

306 2519 376 2574 et
416 2504 869 2584 crassiotibus3
912 2502 1181 2567 alterum
1223 2501 1388 2567 vitae
1429 2499 1674 2587 vulgari
1712 2498 2014 2565 idoneum
2049 2499 2400 2580 volubilius,
2448 2502 2616 2566 bre-

306 2616 443 2684 vius
465 2667 484 2695 ‚
527 2616 843 2682 minutius.
946 2612 1299 2680 Praeterea
1354 2612 1664 2700 scriptura
1720 2613 1888 2678 vices
1950 2612 2120 2679 subit
2174 2611 2619 2699 gravissimas

310 2752 353 2795 e
400 2726 737 2815 temporis·
776 2747 1131 2813 progressu
1195 2708 1424 2814 sponte
1490 2747 1607 2791 sua
1662 2725 1974 2804 fluentes,
2050 2725 2282 2813 partim
2340 2723 2620 2792 calamo

309 2842 690 2928 scripturam
766 2837 1253 2927 frequentissimi
1319 2861 1474 2909 usus
1543 2838 1987 2926 properantius
2058 2848 2129 2903 et
2195 2839 2622 2905 contractius

308 2955 618 3045 pingente
666 2962 860 3040 atque
903 2951 991 3018 ita
1015 2950 1279 3041 ‚figuras
1322 2950 1645 3017 literarum
1686 2950 1859 3017 initio
1902 2952 2070 3045 bene
2113 2933 2182 3017 et
2222 2953 2623 3019 necessario

311 3067 636 3134 distinctas
686 3075 974 3131 mutante
1014 3075 1080 3130 et
1121 3062 1584 3144 confundente;
1645 3064 1872 3151 partim
1911 3062 2121 3131 studio
2160 3063 2625 3134 invalescente

307 3182 687 3269 scripturam
745 3176 853 3243 ubi
910 3185 1021 3243 aut
1077 3175 1348 3243 confusa
1398 3187 1471 3246 et
1523 3174 1885 3244 indistincta
1925 3176 2101 3243 facta
2142 3188 2315 3245 esset
2354 3190 2477 3246 aut
2525 3182 2624 3247 ab

305 3294 482 3365 initio
520 3314 649 3358 non
691 3290 843 3358 satis
888 3286 1161 3354 dilucida
1208 3299 1274 3354 et
1309 3287 1630 3374 perfecta,
1681 3287 1781 3354 vel
1834 3290 2106 3378 tempori
2149 3290 2376 3356 seriori
2420 3268 2627 3361 haud

308 3427 571 3497 prorsus
635 3415 787 3492 apta
846 3401 1021 3468 sacta
1079 3399 1434 3480 videretur,
1500 3400 1685 3467 variis
1742 3402 2091 3470 rationibus
2149 3401 2628 3474 dilucidiorem

214 3532 223 3545 ’
306 3516 653 3596 reddendi,
725 3511 1097 3602 ampliandi,
1153 3509 1543 3601 perficiendi.
1658 3512 1860 3604 Cujus
1902 3516 2162 3605 generis
2203 3518 2625 3589 mutationes

194 3886 268 3934 18

309 3634 593 3702 Arabum
635 3628 952 3718 scriptura
991 3649 1182 3716 passa
1223 3636 1322 3691 est
1363 3624 1786 3712 gravissimas,

481 3855 814 3928 Islamismi
875 3855 997 3922 sub
1047 3851 1234 3920 initiis
1277 3852 1590 3940 scriptura
1624 3852 1999 3917 Meccensis
2043 3865 2111 3922 et
2152 3856 2629 3926 illedinensis

311 3973 585 4042 maxime
640 3968 967 4037 nobilitata
1021 3977 1150 4047 est,
1225 3965 1291 4030 in
1354 3964 1614 4031 urbibus
1669 3966 1908 4033 florens
1963 3990 2002 4032 e
2055 3968 2292 4055 quibus
2347 3971 2628 4038 Korani

313 4085 765 4175 exemplarium
835 4081 1022 4170 copia
1084 4078 1289 4166 prima
1350 4076 1598 4165 prodiit.
1710 4078 1897 4154 Quae
1955 4079 2123 4147 inter
2164 4105 2418 4169 genera
2470 4084 2629 4152 duo

313 4200 468 4290 quid
535 4192 912 4265 discriminis
973 4178 1227 4272 suerit,'
1285 4212 1547 4278 parvum
1609 4203 1765 4278 puto
1832 4203 1900 4258 et
1966 4195 2118 4263 satis
2193 4195 2370 4277 leve,
2484 4197 2626 4266 ho—

314 4313 418 4380 die
506 4311 633 4379 dici
719 4310 938 4396 nequit
965 4356 984 4388 ‚
1084 4326 1230 4371 cum
1314 4316 1383 4370 et
1465 4303 1719 4372 traditio
1788 4304 1873 4372 de
1949 4328 2030 4371 eo
2105 4311 2258 4378 satis
2325 4312 2410 4379 sit
2485 4316 2628 4381 ob-
