2675 4692
1026 336 1397 411 Addenda.
1921 422 1928 437 Ι
2200 360 2351 434 331

81 514 449 605 Dolendum
488 543 771 611 tantum,
827 516 1004 616 quod
1044 522 1211 591 haee
1250 523 1314 590 in
1361 523 1642 614 singulis-
1665 546 1794 592 non
1834 527 2357 601 demonstraverit

80 654 167 718 vir
212 648 750 739 diligentissimus.
1681 723 1692 732 .

241 790 323 874 P.
364 792 465 873 12.
522 798 655 855 not.
695 786 755 853 1.
883 736 985 850 Ad
1041 782 1207 850 haec
1261 778 1504 879 scripta
1556 798 1762 868 nuper
1818 781 2089 849 accessit
2149 776 2210 848 J.
2269 783 2368 853 (3.,

80 903 166 971 1.
148 927 169 969 ι
188 901 290 969 nd
309 903 551 990 berg:
616 922 730 969 sur
787 899 1093 988 quelques
1146 891 1467 963 medailles
1511 882 1798 981 cufiques
1841 890 1999 963 dans
2040 894 2133 962 les
2174 897 2349 962 cabi-

80 1030 184 1097 net
229 1016 318 1083 du
358 1017 458 1083 roi
498 1013 584 1083 de
622 1012 1066 1093 Danemarck,
1132 1021 1213 1081 et·
1252 1028 1364 1074 sur
1415 986 1720 1097 quelques
1764 1010 2141 1077 manuscrits
2189 1012 2349 1076 cufi-

79 1154 253 1219 ques.
336 1132 510 1201 Avec
550 1127 685 1199 XII
724 1126 1046 1216 planches.
1130 1120 1617 1212 (copenhague
1654 1119 1842 1187 1830.
1904 1120 2009 1187 Cf.
2053 1104 2347 1213 Gotting,

82 1243 225 1310 Gel.
265 1244 420 1313 Anz.
465 1241 679 1309 1830.
696 1265 758 1331 p.
789 1239 958 1308 1742
1000 1234 1194 1328 sqq.).
1293 1234 1493 1303 Liber
1534 1234 1618 1299 ob
1662 1232 1951 1339 exempla
1993 1235 2347 1324 scripturae

84 1358 335 1433 euficae
398 1367 465 1425 et
514 1354 783 1444 plurima
839 1364 907 1420 et
947 1348 1424 1443 diligentissime
1466 1369 1771 1436 expressa
1816 1348 1924 1437 qui
1975 1349 2346 1439 inspiciatur

83 1454 504 1558 dignissimus.
586 1466 817 1535 Placet
871 1464 976 1531 hic
1019 1460 1333 1553 quaedam
1376 1461 1792 1551 supplementi
1833 1461 1978 1530 loco
2018 1477 2343 1535 annotare.

87 1582 156 1670 1)
195 1579 260 1673 s.
294 1583 423 1649 20-
439 1581 546 1649 22.
635 1580 883 1646 Lineae
938 1577 1259 1645 literarum
1323 1574 1690 1643 diacriticae
1752 1597 1918 1664 quae
1976 1577 2041 1643 in
2099 1578 2346 1668 vulgari

85 1697 387 1785 scriptura
426 1695 493 1760 in
535 1705 771 1783 puncta
814 1691 1060 1772 abiere,
1123 1691 1185 1759 in
1232 1689 1451 1755 cuficis
1498 1666 1629 1755 aliis
1672 1709 1931 1778 prorsus
1974 1687 2297 1769 desunt,
2278 1716 2345 1760 ιιι

87 1809 208 1876 aliis
248 1808 490 1883 rarius,
547 1804 612 1873 in
657 1803 960 1873 nonnullis
1006 1804 1259 1894 semper
1301 1824 1604 1899 aspersae
1640 1812 1820 1883 suut,
1868 1803 1986 1870 sed
2027 1806 2090 1872 in
2132 1806 2341 1875 multis

86 1945 121 1987 a
158 1920 379 1989 scribis
439 1919 783 1988 serioribus
826 1930 894 1987 et
948 1916 1165 1985 colore
1222 1916 1509 1997 diverso,
1575 1927 1648 1983 ut
1692 1914 1868 1985 viridi
1912 1929 1979 1985 et
2021 1932 2163 1987 atro
2207 1921 2338 2010 pal-

84 2034 241 2116 fido-3
326 2046 393 2104 et
465 2054 499 2115 3
557 2035 623 2100 in
681 2030 1075 2123 paucissimis
1129 2029 1325 2121 lineis,
1374 2028 1623 2096 duabus
1685 2040 1971 2097 notatum
2013 2044 2128 2099 est.
2231 2034 2337 2101 cf.

86 2142 409 2236 Lindberg
452 2170 515 2237 p.
548 2148 808 2214 56-66.
867 2181 954 2194 —
1048 2142 1130 2231 2)
1173 2142 1256 2210 ad
1302 2167 1364 2232 p.
1395 2143 1498 2209 48.
1540 2141 1578 2207 l.
1620 2140 1863 2209 12-15.
1947 2144 2137 2212 Haec
2181 2136 2338 2215 scri-'-

88 2261 229 2327 beus
285 2260 372 2328 de
432 2260 655 2327 culicis
711 2259 995 2349 Sacyum
1048 2279 1149 2345 gr.
1190 2256 1240 2323 I.
1262 2254 1347 2345 ’μ
1380 2258 1467 2323 52
1521 2254 1703 2321 nimis
1763 2252 2038 2326 tidenter
2077 2274 2338 2330 secutus

88 2386 233 2440 sum.
308 2373 482 2441 Nam
524 2372 687 2441 ratio
730 2371 979 2440 diversa
1022 2381 1139 2438 est.
1222 2371 1476 2436 flamna
1527 2368 1810 2459 simplice
1850 2384 2089 2460 puncto
2133 2375 2336 2442 vocali

90 2497 324 2554 notatur
379 2485 629 2553 diverse
695 2508 815 2576 pro
881 2486 1130 2553 ratione
1191 2481 1727 2573 pronunciationis
1794 2482 2041 2553 diversa
2101 2487 2335 2575 posito,

92 2620 195 2666 aon
247 2611 464 2669 autem
518 2596 704 2667 rubri'
742 2598 1009 2677 coloris,
1070 2597 1180 2686 qui
1222 2608 1322 2665 est
1363 2595 1681 2684 vulgaris,
1746 2595 1864 2664 sed
1906 2600 2204 2678 viridis,
2268 2604 2336 2670 in

94 2713 447 2800 quibusdam
491 2712 638 2780 cdd.
666 2712 861 2802 flavi
873 2736 899 2790 3
962 2720 1034 2779 ut
1074 2710 1296 2779 hamza
1340 2707 1505 2775 adeo
1542 2708 1757 2775 colore
1795 2721 2037 2780 tantum
2083 2714 2333 2784 diverso

92 2825 385 2913 signetur3
449 2827 531 2894 cs.
577 2824 915 2913 Lindberg
955 2848 1019 2912 p.
1047 2826 1151 2891 56.
1194 2824 1300 2891 64.
1415 2804 1588 2890 Hinc
1628 2822 1960 2894 dilucidius
2015 2828 2082 2894 in
2139 2826 2330 2900 codd.

93 2939 406 3009 notioribus
446 2962 565 3007 seu
598 2938 897 3009 africanis
922 2937 1090 3005 'huic
1131 2948 1372 3027 puncto
1410 2936 1578 3003 aliud
1605 2937 1861 3025 signum
1896 2951 2079 3009 sueto
2111 2943 2328 3013 colore

95 3052 344 3119 vocalem
404 3053 665 3141 signans
723 3051 1077 3141 apponitur.
1180 3049 1375 3127 Quod
1418 3062 1628 3118 autem
1674 3051 1846 3140 Sacy
1888 3051 1973 3119 de
2011 3054 2174 3123 linea
2209 3058 2324 3126 ho·

90 3162 344 3232 rizontaE
413 3165 595 3231 viridi
667 3175 735 3234 et
803 3174 1041 3254 puncto
1105 3163 1365 3253 insuper
1421 3166 1586 3229 flavo
1627 3161 1859 3245 tradit,
1919 3186 2049 3253 quo
2089 3168 2326 3239 nitatur

88 3278 307 3360 nescim
379 3299 665 3345 errorem
722 3280 989 3345 subesse
1052 3288 1228 3366 puto.
1333 3276 1502 3342 Nam
1560 3287 1773 3365 potest
1832 3278 2088 3366 quidem
2123 3289 2322 3364 wal»

89 3385 234 3456 initio
278 3392 449 3459 vocis
493 3392 852 3460 hamzatum
892 3389 1117 3457 eadem
1160 3392 1287 3478 qua
1309 3390 1504 3475 Vecla
1525 3389 1688 3456 linea
1730 3390 2097 3463 horizontali
2132 3420 2318 3486 prae-

85 3502 257 3585 posita
317 3505 525 3572 notari
540 3555 571 3587 ‚0
621 3508 825 3594 eaque
867 3502 1101 3571 vocalis
1142 3503 1360 3591 puncti
1403 3503 1590 3570 situm
1646 3502 1960 3575 diversum
2000 3510 2317 3582 imitante:

83 3613 173 3680 ned
217 3616 345 3684 hoc
406 3619 461 3684 si
514 3619 618 3700 fit,
687 3640 915 3687 sonum
970 3616 1241 3685 hamaae
1295 3617 1431 3683 fere
1472 3616 1683 3703 veclae
1719 3604 1919 3688 instar
1959 3621 2319 3695 elidendum

84 3745 196 3793 esse
237 3729 438 3798 lector
478 3727 773 3799 mouetur
813 3731 936 3820 (cf.
979 3728 1043 3823 §.
1064 3730 1268 3818 114);
1308 3730 1403 3797 sic
1444 3731 1609 3798 enim
1651 3734 2049 3824 praecipiunt
2089 3737 2315 3809 docto-

81 3931 157 3981 res
196 3915 455 4005 quidam
497 3918 841 3999 Koranici,
897 3932 970 3988 ut
1013 3942 1066 3984 v.
1111 3938 1167 3984 c.
1196 3847 1309 4013 Fls
1372 3861 1468 3994 ἓ
1521 3919 1774 4007 legatur
1825 3944 2311 3994 mcx-namara

82 4025 173 4110 (cf.
225 4031 375 4099 Not.
431 4042 498 4100 et
548 4032 729 4100 Extr.
773 4030 856 4098 Τ.
890 4034 951 4098 8.
1008 4055 1070 4122 p.
1115 4024 1300 4115 323).
1405 4030 1579 4097 Hinc
1645 4032 1710 4097 in
1768 4028 1987 4095 cuficis
2047 4032 2312 4097 nonnul-

78 4136 128 4207 is
174 4144 455 4230 (Lindb.
527 4169 585 4215 n.
627 4145 780 4231 IX)
837 4157 854 4224 t
900 4144 1061 4212 linea
1103 4144 1227 4211 hac
1265 4154 1330 4211 et
1381 4155 1616 4231 puncto
1657 4145 1853 4213 vocali
1897 4145 2191 4213 caeruleo
2231 4148 2312 4213 si⁴

78 4255 179 4319 mul
242 4271 535 4340 notatur,
637 4272 711 4327 ut
783 4258 1001 4325 lectori
1074 4258 1249 4346 optio
1324 4256 1530 4324 detur.
1599 4295 1685 4306 —-
1820 4259 1922 4327 Ex
1983 4258 2078 4326 his
2150 4282 2310 4347 pau-

74 4360 170 4434 lum
247 4374 557 4441 mutanda
629 4384 778 4441 sunt
848 4390 1016 4461 quae
1082 4392 1145 4459 P·
1202 4370 1305 4438 73·
1374 4370 1412 4436 Ισ
1460 4368 1544 4436 2¹
1612 4369 1696 4435 ⁴¹³
1757 4370 1947 4458 Vffliffi
2005 4371 2151 4443 (5ῑὶ
2221 4400 2310 4423 ’””·
2445 4463 2453 4473 ,
