2675 4692
909 322 1448 419 prolegomena.
1504 344 1510 351 ·
2257 343 2305 411 3

126 502 395 585 accedant,
473 506 675 574 omnis
752 507 1030 589 cultura,
1116 508 1574 576 incrementum
1587 558 1610 591 ,
1697 507 2172 581 decrementum
2228 530 2307 577 ex

52 606 55 679 f
122 620 225 705 ipsa
273 634 475 687 natura
521 620 781 709 pendet.
908 622 1131 690 Poetis
1197 622 1581 711 praecipue,
1645 644 1807 710 quos
1863 634 1930 690 et
1967 624 2198 692 multos
2243 635 2311 692 et

52 744 55 763 *
119 733 339 819 insignes
401 735 740 802 admodum
794 737 1142 825 metrisque
1193 735 1470 802 venustis
1520 745 1770 802 utentes
1811 734 2010 803 finisse
2054 737 2310 817 scimus,

52 878 55 943 Q
121 844 169 909 in
218 858 386 933 gente
436 870 554 939 per
625 872 697 915 se
754 849 889 939 jam
958 871 1314 937 generosa,
1413 847 1612 929 elata,
1703 859 1891 916 acuta
1961 848 2129 915 hanc
2200 848 2314 915 lin-

52 950 55 1033 J'
120 980 251 1051 gnae
299 960 604 1028 mltumm'
643 962 865 1028 deberi
910 964 1072 1028 bene
1115 959 1384 1027 credere
1423 959 1606 1041 licetg
1673 971 1888 1049 atque.
1907 961 2155 1027 mediae
2199 986 2316 1051 po-

52 1084 53 1087 ’
122 1071 369 1141 tissimum
397 1077 672 1141 Arabiae
713 1075 1059 1153 tractibus,
1116 1073 1181 1141 in
1222 1073 1454 1160 quibus
1496 1086 1792 1160 poemata
1834 1074 2015 1140 nobis
2058 1052 2319 1164 dognita

118 1186 483 1273 antiquissima
531 1201 598 1256 et
644 1189 946 1282 Koranus
989 1187 1226 1275 scripta
1265 1196 1445 1265 sunt,
1508 1185 1615 1251 hic
1656 1185 1915 1272 linguae
1956 1185 2162 1254 cultus
2207 1186 2320 1255 d‘e-

120 1296 279 1364 betur.
374 1301 495 1369 Est
552 1311 768 1371 autem
826 1301 995 1381 culta
1034 1301 1198 1367 haec
1236 1296 1458 1385 lingua
1500 1298 1594 1364 his
1651 1299 2042 1386 potissimum
2084 1301 2321 1367 virtuti-

120 1409 209 1477 bus
260 1435 295 1476 a
340 1414 727 1503 simpliciori,
796 1415 903 1502 qui
959 1410 1370 1503 antiquitatis·
1390 1408 1646 1480 ultimae
1687 1421 1856 1493 erat,
1916 1411 2136 1481 habitu
2195 1411 2323 1481 dis-

52 1566 55 1595 .
117 1520 305 1591 fincta:
356 1586 363 1591 .

242 1635 483 1729 Lingua
546 1660 628 1704 ex
687 1638 938 1726 origine
984 1637 1123 1727 jam
1179 1636 1469 1705 culturae
1510 1637 1955 1725 capacissima,
2029 1660 2318 1717 nervosa,
2363 1664 2399 1713 ⁵

118 1742 281 1826 dim,
357 1750 735 1843 perspicua,
805 1749 1117 1817 vocalium
1166 1742 1463 1817 ubertate
1521 1762 1587 1818 et
1645 1750 2030 1817 volubilitate
2081 1751 2330 1839 gaudet
2389 1770 2394 1779 ·

116 1857 321 1947 insigni,
439 1888 574 1953 qua
653 1864 793 1953 ipsa
869 1863 1262 1932 formationis
1337 1864 1683 1951 praecipue
1772 1873 1838 1930 et
1913 1862 2181 1931 facultas
2268 1877 2334 1931 et

116 1970 335 2041 brevitas
402 1989 559 2066 apta
634 1975 807 2043 haud
872 1977 1092 2044 leviter
1164 1986 1592 2046 sustentatur..
1718 1977 1903 2051 Quae
1966 1976 2030 2040 in
2115 1976 2333 2064 lingua

117 2080 417 2172 simpliciori
462 2101 532 2157 et
577 2090 911 2178 antiquiori
950 2088 1125 2156 haud
1164 2089 1317 2156 satis
1363 2086 1641 2155 discreta
1682 2100 1749 2155 et
1790 2087 2099 2168 dilucida,
2172 2090 2335 2156 haec

116 2218 399 2267 secernere
459 2215 531 2270 et
595 2182 988 2273 distinctiora
1028 2200 1302 2271 reddere
1345 2199 1677 2279 annititur,
1745 2213 1811 2268 et
1850 2202 1914 2273 in
1955 2205 2336 2291 pronuncia-

118 2307 251 2377 tion‘e
286 2336 627 2395 sonorum,
684 2325 752 2381 et
805 2296 894 2380 in'
925 2315 1143 2381 formis
1197 2314 1488 2400 ling-uae,
1567 2324 1633 2379 et
1671 2312 1735 2379 in
1778 2337 2003 2407 vocum
2033 2317 2339 2405 junctura

114 2423 371 2492 universa.
517 2427 640 2493 Sic
713 2449 859 2493 cum
939 2426 1113 2507 cultu
1194 2425 1516 2508 nitidiora,
1579 2426 1967 2517 ‘subtiliora,
2069 2428 2337 2497 clariora

115 2518 283 2603 om'nia
340 2539 512 2606 fac-ta
576 2549 753 2620 sunt3
822 2527 1015 2626 atque
1069 2538 1287 2625 lingua
1346 2540 1409 2604 in
1463 2517 1743 2628 plurimis
1807 2563 2036 2607 novam
2077 2565 2340 2630 prorsus

114 2644 277 2715 induit
311 2662 558 2718 vestem
602 2651 1006 2718 ornatiorem.
1116 2651 1501 2718 Iuexhausta
1542 2675 1804 2742 prorsus
1843 2676 2042 2729 novas
2103 2656 2341 2723 formas

114 2759 377 2828 condendi
420 2764 716 2831 facultas.
1659 2776 1664 2781 '

246 2873 491 2943 Deinde
536 2879 765 2965 lingua
808 2876 986 2944 fortis
1028 2888 1164 2944 tum
1223 2873 1494 2940 maxime
1539 2885 1604 2941 et
1644 2876 1924 2945 mascula
1975 2899 2098 2945 nec
2139 2878 2344 2947 litera-
2380 2906 2424 2952 a

115 3007 225 3053 rum
261 3013 375 3057 nec
420 2992 779 3057 formarum
820 2998 1058 3055 tantam
1100 2987 1272 3053 novit
1310 2986 1694 3055 debilitatem
1736 2989 1835 3056 vel
1878 2991 2347 3080 corruptionem

115 3110 161 3164 et
191 3103 617 3170 confusionem
661 3109 959 3190 quantam·
1007 3110 1261 3167 ceterae
1306 3098 1575 3167 dialecti.
1683 3104 1828 3169 lmo
1875 3104 2070 3170 robur
2112 3105 2348 3193 ubique

115 3222 345 3282 ostentat
386 3228 453 3284 et
495 3215 1022 3293 concinnitatem,
1066 3209 1232 3277 adeo
1275 3224 1346 3279 ut
1388 3236 1583 3301 saepe
1626 3216 2190 3283 conformationem
2220 3219 2348 3285 sor-

114 3344 313 3393 mamm
356 3327 762 3419 aequabilem
806 3326 1143 3393 restituere
1188 3325 1518 3391 annitatur.
1625 3327 1826 3394 IIaud
1887 3351 2034 3395 raro
2087 3331 2176 3397 ita
2221 3331 2348 3397 sor-

52 3440 53 3443 ’
115 3438 267 3503 matio
305 3463 486 3506 nova
532 3460 657 3507 seu
682 3436 952 3527 fortior
1022 3448 1089 3505 et
1146 3424 1513 3503 concinnior
1567 3441 1916 3528 reperitur,
1998 3442 2350 3523 interitura,

116 3552 337 3618 confusa
355 3604 375 3634 ,
433 3553 715 3645 disjecta
755 3552 1011 3617 firmans
1062 3560 1128 3617 et
1168 3549 1582 3638 dist'mguens.

52 3742 53 3761 Χ
246 3665 491 3740 Quibus
536 3665 875 3733 virtutibus
918 3686 1279 3753 quanquam
1328 3663 1547 3750 lingua
1591 3664 1816 3731 ceteris
1860 3665 2155 3731 semiticis
2198 3660 2354 3731 mul-
2392 3684 2424 3733 7

52 3764 55 3905 j
118 3782 218 3841 tum
254 3779 620 3859 antecellit,
694 3789 761 3845 at
803 3790 901 3844 est
952 3787 1163 3843 tamen
1206 3775 1486 3841 hebraea
1528 3777 1722 3843 multo
1764 3778 2100 3844 recentior.
2184 3778 2359 3844 Hinc

52 3918 55 3941 f
118 3883 164 3950 in
195 3912 263 3956 ea
298 3892 501 3960 multa
552 3891 819 3979 linguae
850 3887 1140 3980 juvenilis
1212 3898 1277 3953 et
1331 3888 1620 3955 sensibus
1676 3900 1896 3958 rectae
1940 3890 2207 3977 vestigia
2248 3892 2358 3956 ab·

121 3998 259 4085 oliuu
322 4008 533 4073 omnis
584 4003 944 4070 enunciatio
987 4000 1316 4066 dilucidior
1360 4013 1425 4067 et
1465 3978 1814 4089 perfec-tior
1869 4003 2072 4103 facta3
2141 4012 2380 4070 exuta-'

123 4134 215 4196 que
270 4119 475 4186 forma
548 4088 817 4210 juvenili
887 4115 1103 4202 lingua
1169 4113 1442 4178 idealem
1509 4102 1721 4201 potius
1785 4115 1895 4203 (ut
1959 4116 2047 4182 ita
2113 4114 2360 4201 dicam)

120 4220 312 4314 induit,
370 4257 582 4324 quam
637 4235 706 4303 in
761 4212 1339 4315 indo-germanica
1397 4223 1617 4314 lingua
1674 4238 2170 4295 consummatam
2224 4252 2367 4293 esse

121 4334 317 4412 dixeris.
485 4345 676 4413 Hinc
766 4343 931 4409 inter
1013 4340 1136 4405 alia
1218 4338 1517 4405 arabicae
1596 4340 1872 4407 dialecto
1943 4339 2096 4428 jam:
2157 4336 2364 4405 verba

1711 4454 1746 4517 1
1776 4454 1804 4483 ‘¹
1903 4452 1910 4460 ’
