2675 4692
725 175 842 246 De
901 174 1188 269 objecto
1240 187 1312 247 et
1347 181 1795 254 accusativo.
2301 194 2401 262 33

1424 363 1652 409 ..οἷο-ο
1722 374 1870 408 sao
1889 377 1980 411 000
1996 366 2029 413 ξ

103 444 331 502 tenent
372 433 643 504 causalis
692 433 870 502 verbi
913 433 1271 516 notionem,
1316 421 1553 528 utpvl
1588 420 1774 530 304„
1800 421 2014 498 emh-‚l
2048 435 2392 530 §.172—

103 544 367 613 Eodem
421 558 642 616 tamen
699 547 782 634 2)
845 547 1124 616 redeunt
1180 547 1380 616 multa
1435 548 1678 632 activa,
1752 573 1922 640 quae
1976 576 2096 642 per
2153 578 2227 622 se
2257 557 2400 648 jam

106 661 244 727 sive
282 659 346 726 in
388 660 442 728 Ι.
487 662 688 752 stirpe
728 661 860 729 sive
899 660 967 727 in
1009 660 1143 728 aliis
1202 663 1326 729 vim
1382 661 1570 752 hujus
1626 665 1884 751 generis
1950 667 2271 736 causalem
2316 673 2401 739 si-

105 772 238 841 mul
278 784 532 857 tenent,
590 786 666 844 ut
710 776 905 851 verba
948 774 1326 864 implendi,
1383 778 1806 859 saturandi,
1866 789 1933 846 et
1976 792 2200 849 contra
2231 785 2400 872 pri-

97 887 328 954 vandi
344 935 363 969 ,
422 887 747 966 vetandi,
819 888 969 977 quia
1013 887 1179 956 haec
1218 888 1283 956 in
1327 888 1709 980 simpliciore
1749 892 2009 960 notione
2052 894 2190 984 jam
2233 894 2398 962 rela-

100 1076 237 1142 tiva
299 1085 454 1144 sunt
510 1096 627 1144 seu
679 1076 1043 1145 accusativo
1099 1098 1173 1144 se
1218 1075 1658 1145 circumscribi
1712 1077 2075 1166 patiuntur,
2135 1100 2208 1158 ut
2261 1040 2398 1166 ιὲζν

97 1274 359 1350 potare
411 1262 498 1350 (i.
539 1286 596 1331 e.
656 1264 878 1393 bibere
944 1263 1202 1350 facere)
1222 1314 1279 1346 ,ι
1325 1279 1454 1364 W>
1501 1273 1781 1345 vetare,
1854 1224 1991 1354 (γε
2036 1267 2401 1358 prohibere

104 1448 356 1537 (Henz.
402 1448 480 1520 fr.
525 1474 587 1541 p.
616 1452 737 1534 63,
779 1452 901 1541 2),
967 1408 1069 1540 ἐξ
1113 1451 1337 1529 tueri,
1381 1448 1758 1538 defendere
1799 1453 2046 1540 (Henz.
2092 1456 2297 1546 p.38‚
2335 1459 2398 1525 9.

106 1563 266 1630 Sur.
298 1561 363 1643 3,
413 1564 518 1631 16.
561 1565 686 1649 40,
726 1568 789 1634 8.
833 1564 975 1648 10).
1086 1564 1232 1632 Nec
1289 1588 1419 1633 non
1479 1567 1678 1633 verba
1741 1565 1966 1634 dandi
2008 1570 2091 1635 ob
2136 1570 2399 1639 similem

102 1678 468 1761 notionem,
516 1702 663 1746 cum
709 1679 884 1746 dare
916 1677 1090 1746 idem
1132 1689 1315 1747 notet
1357 1700 1437 1745 ac
1464 1675 1716 1764 facere
1755 1690 1838 1745 ut
1873 1681 2032 1769 quis
2064 1683 2396 1772 accipiat,

102 1878 182 1936 ut
227 1853 617 1963 gheldare,
649 1806 732 1955 Ξ).
762 1864 1173 1947 retribuere,
1207 1867 1492 1935 solvere.
1535 1867 1752 1936 Verba
1776 1866 2140 1946 induendi,
2173 1870 2394 1936 vesti-
2461 1894 2466 1895 ’

100 1979 275 2046 endi
334 1979 400 2047 in
465 1979 784 2047 arabismo
829 1980 1083 2070 saepius
1130 2003 1279 2048 cum
1323 2004 1391 2055 *τ’
1436 1981 1531 2049 rei
1571 1990 1941 2063 struuntur3
1987 1991 2259 2068 possunt
2299 1993 2397 2050 ta-

101 2188 258 2233 men
299 2166 493 2235 etiam
538 2190 686 2234 cum
732 2166 988 2258 duplice
1032 2170 1402 2237 accusativo
1446 2169 1629 2260 poni,
1673 2178 1751 2237 ut
1789 2167 1989 2236 simile
2030 2185 2169 2271 &39
2214 2193 2399 2235 com-

89 2299 328 2389 plecti
370 2324 424 2368 v.
463 2323 519 2368 c.
563 2322 787 2367 omnes
833 2323 939 2369 res
982 2303 1269 2391 potentia
1312 2303 1460 2370 Sur.
1494 2303 1613 2383 40,
1657 2302 1724 2368 8.
1825 2300 2037 2367 Porro
2079 2300 2162 2386 3)
2202 2302 2400 2368 verba

60 2412 453 2500 ‘rogandi‚
510 2413 1044 2501 interrogandi,
1103 2416 1423 2497 dicendi,
1469 2430 1655 2505 lquae
1709 2437 1919 2503 aequo
1959 2414 2112 2506 jure
2170 2414 2268 2481 rei
2321 2437 2401 2481 ac

99 2547 425 2614 personae
481 2527 845 2593 accusativo
911 2541 1382 2617 componuntur
1402 2580 1422 2613 ‚
1489 2540 1563 2598 ut
1619 2552 1697 2595 ex
1757 2533 2088 2598 contracta
2129 2534 2403 2621 utraque

86 2713 405 2805 junctura
446 2736 578 2781 una
620 2716 894 2795 oriatur,
967 2730 1044 2786 ut
1099 2647 1217 2784 δί
1265 2718 1588 2807 rogavit,
1652 2723 1788 2793 «Μ,
1827 2715 2195 2804 promisit,
2254 2734 2399 2813 gn)

83 2825 325 2917 jussit
372 2826 519 2895 Sur.
555 2829 661 2911 46,
706 2832 810 2897 15.
896 2831 1045 2899 Nec
1084 2854 1216 2899 non
1255 2832 1454 2901 multa
1494 2831 1785 2920 singula,
1845 2852 2016 2918 quae
2059 2840 2399 2919 utramque

102 3017 281 3083 hanc
328 3014 703 3107 juncturam
743 3019 1104 3109 patiuntur,
1160 3031 1233 3088 ut
1275 2977 1410 3074 *3⁴³²
1450 3018 1805 3107 abnegare
1847 3042 1935 3079 =
1976 3040 2107 3085 non
2151 3038 2400 3105 agnos·

104 3153 263 3199 cere
307 3141 439 3199 tam
472 3145 804 3203 auctorem
835 3135 946 3223 qui
984 3131 1164 3203 dedit
1202 3155 1397 3224 quam
1437 3133 1678 3200 donum
1720 3130 1930 3199 Abulf.
1967 3152 2131 3199 ann..
2165 3143 2293 3199 ant.
2337 3156 2399 3222 p.

105 3322 274 3403 188,
334 3332 569 3427 antep*
619 3276 742 3388 ‹st-g
798 3279 863 3391 et
927 3251 1109 3377 ἐξὲξ
1153 3322 1470 3389 carmine
1530 3318 1880 3388 celebrare
1938 3341 2086 3387 cum
2144 3321 2400 3413 objecto

102 3453 429 3525 personae
489 3458 659 3526 quae
724 3434 1113 3505 celebranda
1171 3446 1273 3504 est
1327 3447 1397 3505 et
1438 3435 1733 3504 carminis
1777 3432 1954 3523 quod
1999 3435 2281 3517 canitur,
2331 3445 2405 3503 ut

101 3551 362 3638 Koseg.
411 3549 547 3617 chr.
589 3574 651 3641 p.
675 3553 835 3632 125,
881 3552 986 3618 11.
1031 3551 1178 3633 127,
1219 3552 1282 3618 6.
1328 3547 1424 3616 cll.
1467 3572 1529 3639 p.
1554 3547 1700 3624 132,
1744 3545 1845 3615 13.
1889 3549 2053 3630 138,
2088 3550 2190 3617 12.
2263 3547 2400 3616 Sed

103 3665 325 3734 omnia
367 3665 556 3757 hujus
604 3665 866 3755 generis
915 3666 1116 3733 verba
1154 3687 1285 3731 non
1327 3674 1426 3732 est
1465 3662 1643 3754 quod
1686 3685 2157 3731 enumeremus.

280 3803 494 3872 Paulo
537 3803 857 3873 diversum
903 3817 1040 3887 est,
1104 3805 1159 3872 si
1199 3804 1377 3896 prior
1418 3804 1818 3873 accusativus
1861 3825 2202 3895 personam
2241 3802 2400 3867 inte·
2429 3815 2542 3864 544

19 3986 31 3997 .
102 3940 337 4009 gram,
404 3919 726 4010 posterior
786 3931 1035 4009 partem
1103 3941 1221 3987 seu
1279 3921 1637 3988 membrum
1695 3916 1875 4010 quod
1934 3917 2187 3985 actione
2242 3934 2404 4004 prae

1269 4050 1377 4084 030
1396 4057 1471 4083 aea
1538 4050 1615 4082 υ
1634 4049 1740 4082 υιιο
1801 4046 1921 4083 aon
2014 4061 2040 4077 ρ

100 4109 344 4179 ceteris
401 4119 714 4197 tangatur
769 4108 1104 4200 perhibet,
1159 4119 1236 4178 ut
1272 4095 1472 4204 Ῑε-ΕΜ,
1532 4066 1725 4196 [350AE
1778 4097 1932 4193 bvj·
1990 4094 2141 4196 *ἐπὶ
2209 4099 2405 4188 ferit

104 4221 344 4290 Zaidi
386 4235 708 4292 ventrem
748 4235 819 4291 et
859 4223 1168 4289 dorsum.
1224 4284 1247 4307 ‚

174 4357 242 4410 11.
1198 4382 1205 4386 -
1800 4332 1845 4398 3
