2675 4692
668 299 899 373 Verbi
949 312 1282 397 tempora
1334 315 1408 374 et
1449 306 1667 375 modi.
2155 324 2300 395 121

99 481 281 564 forma,
347 503 493 549 rara
547 495 761 551 tamen
817 507 941 550 nec
997 485 1116 552 nisi
1169 485 1234 551 in
1291 486 1544 574 singulo
1587 488 1783 554 verbo
1828 489 2094 574 usitata,
2136 503 2209 560 ut
2249 493 2304 560 si

94 595 229 683 plura
262 607 606 684 sequantur
624 647 643 679 ‚
686 598 959 686 primum
997 608 1247 667 tantum
1288 624 1370 674 υ·-
1414 601 1765 689 praefixum
1804 602 2058 671 habeat.

211 768 284 851 2)
337 762 592 833 Deinde
646 784 726 832 ex
788 762 1052 830 actionis
1118 762 1290 831 haud
1350 765 1682 851 perfectae
1736 766 1911 833 notio
1968 782 2431 859 promanatnos

89 879 369 949 inchoatae
422 876 713 968 quidem,
787 898 909 943 nec
973 888 1187 944 tamen
1245 878 1612 965 perfectae,
1692 901 1859 970 quae
1922 904 2095 951 nunc
2154 907 2303 952 cum

89 994 306 1061 mxime
353 992 641 1060 factitata
682 988 767 1055 ad
806 991 1001 1055 finem
1043 1001 1109 1058 et
1150 1000 1443 1056 eventum
1474 1002 1793 1079 properat.
1877 993 2051 1061 Hinc
2085 1010 2302 1065 nostro

82 1107 386 1193 prae-sena
432 1106 624 1173 etiam
667 1101 1031 1171 denotando
1081 1101 1285 1168 forma
1327 1102 1617 1183 inservit,
1682 1102 1974 1197 adeoque
2021 1108 2128 1177 hic
2168 1111 2305 1201 ejus

88 1240 202 1285 mus
234 1220 294 1285 in
323 1221 610 1288 Arabum
648 1218 866 1305 lingua
902 1215 1196 1291 invaluit,
1256 1225 1328 1281 ut
1357 1216 1711 1305 praesentis
1744 1216 2064 1288 denotatio
2104 1246 2304 1312 pecu-

86 1378 213 1445 liaris
251 1378 384 1449 fere
429 1380 676 1446 formae
715 1377 867 1445 huic
911 1375 1082 1444 facta
1119 1373 1234 1457 sit,
1276 1383 1350 1443 ut
1394 1318 1526 1459 Mi}
1547 1373 1835 1459 dicitur,
1880 1391 2026 1466 §95³
2073 1384 2306 1451 tradi.

84 1547 189 1619 t‚ur
237 1483 412 1639 6213·
466 1532 970 1629 proficiscitur.
1098 1530 1235 1601 Sed
1294 1533 1594 1622 imprimis
1646 1546 1858 1603 tamen
1918 1532 2001 1606 de
2054 1543 2308 1611 actione

82 1667 300 1753 dicitur,
370 1691 546 1759 quae
607 1691 816 1757 neque
866 1666 1004 1758 jam
1058 1665 1353 1755 perfecta
1398 1679 1497 1734 est
1536 1666 1632 1733 vel
1676 1669 2023 1757 cogitanda
2064 1684 2164 1742 est
2203 1672 2305 1765 (ὃ.

82 1783 209 1870 197)
228 1834 247 1865 ,
286 1805 506 1873 neque
545 1782 610 1848 in
665 1794 832 1850 statu
865 1780 1050 1847 facile
1089 1791 1460 1849 transeunte
1500 1792 1786 1848 versatur
1827 1784 1935 1871 qui
1972 1788 2306 1878 participio

81 1894 408 1978 denotatur,
480 1895 627 1972 sed,
655 1915 823 1981 quae
878 1888 1159 1958 nondum
1215 1916 1477 1982 prorsus
1516 1894 1807 1984 perfecta
1849 1907 1950 1965 est
1992 1910 2104 1969 aut
2143 1925 2309 1991 quae

80 2011 332 2078 mufinua
373 2020 481 2080 αἱ
524 2007 863 2098 denudque
905 2026 1158 2094 semper
1197 2009 1470 2095 repetita
1510 2031 1583 2077 se
1623 2008 2006 2079 manifestat.

206 2175 349 2241 Hac
392 2185 613 2241 autem
654 2172 910 2240 notione
939 2171 1146 2239 forma
1178 2171 1345 2240 haec
1372 2196 1707 2260 praesens
1740 2176 2119 2263 praeteriti
2149 2200 2309 2268 quo-
2327 2218 2439 2268 20¹1

79 2309 174 2374 que
228 2288 536 2370 denotat,
616 2309 731 2354 seu
801 2285 1118 2354 actionem
1173 2285 1238 2352 in
1305 2288 1606 2375 temporis
1662 2297 1901 2375 puncto
1964 2293 2309 2380 praeterito

75 2414 454 2489 praesentem.
627 2399 821 2476 Quod
889 2398 1224 2491 dupliciter
1300 2409 1516 2489 potest
1592 2401 1882 2489 cogitari.
2040 2403 2118 2492 1)
2184 2409 2311 2476 Aut

77 2516 206 2583 enim
254 2519 427 2586 actio
496 2513 810 2604 quaedam
868 2514 934 2579 in
1010 2524 1183 2581 statu
1239 2535 1359 2580 suo
1419 2512 1657 2581 durans
1717 2537 1865 2582 cum
1921 2515 2040 2583 alia
2093 2517 2311 2587 intime

75 2631 334 2721 conjungi
380 2633 575 2720 eique
610 2630 675 2695 in
717 2627 1159 2697 enunciatione
1199 2625 1578 2695 secundaria
1616 2629 1905 2698 subnecti
1945 2641 2194 2719 potest,
2238 2645 2311 2703 ut

91 2752 195 2782 ,θα
234 2756 330 2786 υ,
377 2739 537 2785 ³20?
741 2750 771 2782 2
814 2751 869 2782 θ’
915 2736 1071 2783 3.,οἷ

75 2810 197 2900 05⁶3
219 2812 343 2891 μ’,
378 2799 536 2894 &il-gb
574 2805 673 2872 vel
716 2810 868 2888 3⁰96
920 2793 1065 2893 &²222
1108 2807 1259 2874 vidi
1315 2831 1475 2872 eum
1530 2808 1701 2873 dum
1766 2807 2200 2876 moriebatur
2259 2835 2311 2879 s.

1114 2915 1241 2960 ³:21.

73 3010 118 3049 ν.
159 3009 210 3052 e.
268 2986 688 3053 morientem
731 2972 1043 3120 §Ly-ln»
1095 2975 1237 3062 «δι’,
1282 2973 1403 3087 §oggi
1432 2972 1539 3089 ‘33
1589 2984 1636 3089 ,ἕ
1680 2977 1822 3059 Διὸ
1880 2987 2185 3053 intravit
2234 2988 2310 3054 in

73 3134 308 3205 domum
357 3136 608 3228 patris
666 3134 784 3199 sui
834 3146 904 3200 et
959 3133 1189 3224 (dum)
1243 3147 1470 3201 mater
1528 3134 1937 3223 intuebatur
1989 3136 2221 3224 ipsum
2262 3161 2314 3205 s.

76 3261 238 3317 mane
294 3252 592 3319 intuente
647 3245 855 3316 Abulf.
895 3248 970 3314 A.
997 3247 1082 3314 Π.
1118 3248 1264 3313 222.
1363 3245 1446 3334 2)
1487 3249 1613 3314 Aut
1654 3257 1858 3315 status
1902 3248 1965 3313 in
2011 3249 2315 3337 temporis

75 3367 360 3451 praeteriti
432 3363 638 3454 spatio
693 3381 811 3450 per
869 3383 944 3426 se
1002 3361 1289 3450 ponitur,
1366 3371 1440 3428 ut
1496 3361 1666 3427 actio
1704 3372 1995 3450 tempore
2038 3361 2318 3452 quodam

76 3481 378 3563 praeterito
454 3489 567 3545 aut
632 3474 933 3542 continua
996 3494 1251 3563 semper
1310 3472 1709 3562 duramque
1734 3521 1754 3554 ,
1833 3487 1947 3543 aut
1998 3475 2174 3564 quod
2231 3476 2317 3545 ad

74 3590 206 3660 idem
241 3594 387 3660 fere
429 3590 627 3669 redit,
669 3586 967 3655 continuo
1012 3586 1312 3675 repetita
1348 3586 1694 3678 cogitanda
1736 3588 1833 3658 sit.
1917 3588 2111 3657 Unde
2152 3590 2316 3657 haec

78 3701 290 3775 <licendi
354 3707 566 3773 forma
617 3699 993 3791 praesertim
1033 3700 1098 3765 in
1138 3700 1517 3789 populorum
1560 3682 1963 3769 hominumve
2010 3704 2313 3792 moribus,

79 3819 155 3904 qui
191 3818 461 3894 fuerint,
515 3816 812 3884 institutis
868 3827 935 3882 et
992 3813 1206 3881 indole
1248 3811 1684 3881 describendis
1725 3815 2041 3906 frequens,
2142 3818 2315 3886 Poe-

79 3931 134 3995 fis
163 3946 500 4021 praeterea
555 3929 702 3998 licet
741 3951 878 3996 rem
921 3928 1236 4016 singulam
1278 3928 1719 4017 praeteritam,
1791 3932 1969 4020 quasi
2012 3952 2315 4020 praesens

80 4041 334 4129 adessetg
389 4046 517 4115 hac
561 4044 762 4110 forma
804 4040 1208 4122 describere,
1257 4052 1330 4110 ut
1367 4042 1527 4109 Exc.
1570 4043 1761 4110 Ham.
1804 4067 1865 4134 p.
1900 4043 2046 4112 368.

209 4213 534 4281 Praesens
593 4211 721 4277 boc
773 4208 1097 4298 praeteriti
1160 4209 1317 4296 (seu
1369 4209 1543 4299 quod
1585 4211 1777 4299 vulgo
1818 4213 2141 4281 nominant
2180 4213 2316 4277 im·-
2335 4235 2448 4285 208

84 4322 472 4412 Wfaelum)
526 4348 653 4414 quo
717 4349 757 4392 a
814 4334 1150 4413 praesente
1205 4324 1487 4415 simplice
1528 4323 1591 4414 §.
1622 4327 1750 4393 206
1809 4326 2048 4396 facilius
2095 4324 2315 4393 distin·
