2675 4692
311 211 462 291 164
812 202 928 273 De
981 201 1231 272 ordine
1285 209 1358 269 et
1409 198 1480 273 vi
1525 195 2071 272 vocabulorum.

474 402 700 474 Facile
753 355 1010 492 quidem
1068 398 1424 490 subjectum
1446 448 1467 482 ,
1533 398 1588 466 si
1650 417 1799 465 cum
1855 397 1916 462 τί
1976 396 2255 484 quadam
2294 400 2593 487 efferum

1874 540 1901 557 .
1991 526 2121 561 ιο.
2162 526 2296 562 π...
2363 546 2397 561 ,
2440 532 2474 563 ,
2526 547 2554 562 -

312 589 510 660 verbo
568 589 761 661 etiam
821 587 1130 680 praeponi
1185 595 1433 677 potest,
1504 596 1581 655 ut
1634 541 1793 671 ΛΞ)
1850 570 1924 638 [Α
1982 577 2128 671 3²²²
2185 573 2281 643 &lli
2335 563 2593 691 *55:⁶³5

308 752 410 818 sic
463 751 679 819 deus
720 747 919 836 jacit
973 771 1149 838 quae
1188 747 1346 815 vult
1392 749 1539 814 Sur.
1566 745 1645 828 8,
1696 746 1802 814 41.
1843 745 1953 817 47
2058 743 2195 812 Sed
2253 745 2389 814 hoc
2450 772 2595 838 pro·

310 886 461 932 num
501 885 631 930 non
674 874 808 946 est,
864 861 981 929 nisi
1026 861 1137 928 ubi
1205 882 1418 930 sermo
1482 862 1566 927 ab
1624 859 1800 927 initio
1854 858 1974 927 alio
2020 857 2445 930 fundamento
2491 864 2594 932 niti

314 975 564 1065 nequit,
668 985 742 1042 ut
818 972 1211 1042 fundamenti
1277 974 1477 1042 instar
1533 983 1645 1041 aut
1713 974 1975 1040 verbum
1996 1023 2018 1056 ,
2099 973 2276 1062 quod
2324 977 2591 1064 propius

314 1090 567 1159 omnino
624 1097 758 1170 est,
838 1098 951 1156 aut
1012 1089 1099 1154 ob
1155 1088 1279 1155 vim
1333 1085 1655 1177 quandam
1717 1086 2074 1176 subjectum
2128 1089 2591 1175 praemittatur.

314 1204 389 1272 si
451 1225 605 1271 vero
669 1223 793 1269 vox
857 1200 1095 1269 arctius
1139 1200 1367 1290 juncta
1423 1201 1610 1289 vique
1663 1202 1779 1268 sua
1818 1199 2217 1288 insignienda
2258 1203 2593 1291 praecedit

313 1317 621 1385 sermonis
669 1316 922 1381 firmum
979 1313 1158 1404 quasi
1207 1304 1685 1380 fundamentum
1728 1321 2015 1391 struens,
2082 1318 2592 1386 constantissime

313 1432 561 1520 quietus
616 1427 719 1494 ille
757 1449 984 1494 vocum
1024 1426 1186 1494 ordo
1231 1437 1554 1510 servatur3
1619 1426 1716 1494 sic
1756 1426 1923 1492 enim
1966 1447 2070 1494 res
2112 1428 2254 1516 ipsa
2294 1430 2463 1514 fert,
2527 1446 2592 1501 ut

312 1565 441 1633 quo
481 1543 708 1610 fortius
753 1540 1235 1609 fundamentum
1278 1540 1555 1631 positum
1600 1551 1732 1622 est,
1802 1562 1885 1606 eo
1940 1539 2247 1629 placidius
2294 1555 2366 1611 et
2410 1546 2589 1613 seda-

311 1658 437 1726 tius
478 1653 642 1723 ordo
684 1677 913 1722 vocum
957 1654 1261 1743 deinceps
1304 1653 1625 1721 decurrat.
1711 1651 1917 1742 quue
1960 1652 2456 1726 fundamentum
2491 1684 2587 1728 η-

311 1774 476 1841 rium
514 1776 785 1840 maxime
826 1780 958 1838 est:
1003 1769 1318 1857 pertinent
1353 1767 1521 1834 enim
1567 1767 1695 1834 huc
1729 1766 1805 1852 l)
1842 1767 2189 1856 particulae
2225 1772 2285 1838 vi
2325 1773 2585 1864 insigni·

314 1887 409 1953 ori
474 1884 840 1953 efferendae
892 1907 971 1951 ac
1024 1906 1171 1950 cum
1224 1883 1362 1972 ipsa
1417 1880 1861 1948 enunciatione
1917 1881 2270 1951 arctissime
2301 1885 2586 1975 junctae,

316 2010 386 2067 ut
440 1997 921 2067 fundamentum
989 1995 1124 2085 ejus
1185 2018 1314 2061 non
1378 1996 1621 2084 possint
1660 2017 1790 2062 non
1833 1994 2127 2078 efficere,
2195 2020 2443 2090 nempe
2482 2002 2588 2068 in-

315 2185 793 2273 terrogativae
838 2171 855 2247 l
868 2226 892 2262 ‚
946 2124 1046 2256 ,ες-ἑ
1069 2227 1092 2261 ,
1146 2183 1233 2250 de
1287 2183 1532 2273 quibus'
1579 2206 1633 2251 V.
1676 2179 1741 2275 §.
1776 2183 1910 2251 703
1951 2207 2125 2272 sqq.;
2200 2188 2585 2275 negativae

312 2320 567 2378 omnes,
635 2296 720 2364 de
761 2297 988 2386 quibus
1033 2320 1087 2363 v.
1122 2294 1187 2386 ς.
1219 2296 1349 2363 694
1390 2320 1566 2385 sqq-3
1623 2318 1815 2384 porro
1846 2293 2205 2385 particulae
2254 2303 2586 2389 temporis

312 2421 380 2480 et
419 2409 838 2478 conditionis
880 2410 1263 2499 (exceptis
1245 2410 1321 2477 lis
1372 2408 1674 2498 temporis
1719 2410 2076 2497 particulis,
2121 2409 2207 2477 de
2250 2414 2494 2500 quibus
2524 2411 2585 2503 S.

313 2600 447 2668 738
488 2598 819 2687 dicetur),
883 2607 955 2665 ut
997 2581 1142 2657 L...)
1216 2619 1410 2678 cum,
1481 2594 1644 2672 ξεῖ-ὲ·
1687 2597 1932 2678 donec,
1979 2540 2243 2732 giofiet
2201 2588 2302 2678 ,Δ
2346 2598 2468 2680 εἰ,
2504 2589 2561 2655 x:
2526 2544 2582 2736 {⁶1

316 2759 592 2850 quando
635 2759 1061 2849 reliquaeque,
1105 2755 1481 2825 conditionis
1525 2757 1846 2825 notionem
1879 2780 2045 2847 quae
2078 2773 2459 2862 suggerunt
2494 2761 2581 2850 (r.

1155 2887 1188 2921 ι,
1215 2904 1236 2915 -
1625 2899 1650 2914 ,

314 2941 378 3035 9
412 2946 537 3013 741
557 2945 759 3033 -72)‚
824 2967 946 3013 nec
985 2967 1113 3012 non
1154 2936 1245 2998 03
1270 2943 1434 3030 jam
1477 2953 1545 3010 et
1583 2968 1664 3016 υ·-
1706 2939 1970 3032 (§.199
2010 2969 2103 3033 sq.
2144 2946 2353 3034 205),
2419 2972 2581 3038 quae

316 3081 463 3127 cum
520 3060 601 3126 nil
642 3060 759 3128 nisi
795 3070 1045 3150 tempus
1085 3055 1424 3138 definiant,
1487 3077 1614 3122 non
1662 3068 1926 3145 possunt
1967 3057 2066 3124 alii
2109 3060 2429 3127 vocabulo
2470 3063 2579 3130 nisi

315 3174 510 3239 uerbo
577 3175 862 3263 proxime
926 3171 1235 3262 praeponi
1300 3192 1511 3259 neque
1579 3171 1829 3237 omnino
1890 3169 2317 3238 enunciationi
2370 3173 2580 3241 insunt

317 3287 509 3351 verbo
565 3286 844 3367 carenti3
910 3284 1186 3375 denique
1249 3282 1593 3374 particulae
1649 3282 1862 3351 variae
1917 3283 2110 3351 modo
2168 3288 2451 3374 nacbato
2492 3287 2580 3353 vel

316 3390 632 3485 g'ezmato
683 3396 1060 3487 jungendae
1123 3394 1599 3488 (§.624-31)‚
1644 3407 1865 3486 utpote
1907 3418 2073 3487 quae
2113 3395 2179 3462 in
2217 3400 2406 3467 arcta
2446 3413 2577 3468 tau-

315 3520 450 3577 tum
496 3531 642 3577 cum
685 3509 879 3578 modo
924 3512 1051 3579 hoc
1077 3511 1380 3602 junctura
1419 3508 1541 3576 vim
1581 3532 1759 3577 suam
1802 3522 2137 3593 exserunt,
2186 3512 2355 3580 sicut
2396 3536 2580 3603 prae-

317 3621 661 3709 positiones
718 3646 758 3691 a
819 3646 973 3693 casu
1026 3648 1143 3693 suo
1200 3623 1405 3692 divelli
1446 3635 1783 3711 nequeunt.
1818 3711 1825 3718 1
1885 3624 2072 3699 Quae
2113 3645 2259 3693 cum
2304 3626 2402 3695 ita
2440 3629 2581 3708 sint,

317 3733 505 3802 facile
550 3735 686 3827 jam
753 3751 1074 3828 apparet,·
1106 3737 1481 3828 particulam
1539 3737 1902 3827 simpliciter
1968 3738 2393 3828 copulativam
2434 3769 2476 3819 2
2514 3752 2581 3807 et

315 3863 444 3934 huc
508 3887 633 3933 non
702 3869 1023 3957 pertinere
1047 3918 1068 3952 ,
1129 3890 1274 3936 cum
1331 3868 1720 3936 extrinsecus
1776 3879 1842 3937 et
1879 3868 2024 3936 laxo
2068 3891 2233 3938 nexu
2280 3874 2579 3954 enuncia-

314 3979 469 4047 tioni
536 3981 838 4066 accedat3
908 4005 1031 4049 nec
1102 4001 1162 4065 <5
1224 4003 1345 4072 per
1411 4004 1484 4048 se
1540 3982 1827 4051 ordinem
1895 4006 2120 4052 vocum
2187 3986 2577 4068 moderatur,

318 4121 683 4199 quanquam
751 4113 805 4179 si
860 4110 1235 4180 narrationis
1279 4134 1695 4202 progressum
1748 4125 1962 4196 notat,
2021 4115 2287 4183 verbum
2330 4116 2389 4183 ei
2429 4138 2575 4206 pro·

317 4221 485 4289 xime
526 4235 915 4312 postponere
961 4224 1025 4290 in
1077 4226 1292 4312 quieto
1329 4227 1645 4295 sermonis
1689 4226 1952 4295 defluxu
1989 4251 2263 4319 pronum
2302 4251 2383 4297 ac
2426 4250 2571 4295 cou-
