2675 4692
639 83 756 152 De
808 85 1430 158 enunciationibus
1482 87 1812 161 relativis.
1972 79 1987 92 “
2204 104 2349 170 231

650 264 737 333 11.
819 263 931 332 De
973 266 1458 334 enunciatione
1497 269 1796 335 adnexa·

705 397 755 445 1.
837 394 922 443 De
968 390 1432 445 mundationibus
1477 392 1739 447 relativis.
2430 457 2441 463 ‘

261 486 693 555 Relativarum
743 488 1261 557 enunciationum
1317 487 1548 577 duplex
1592 503 1690 556 est
1729 511 1969 577 genus:
2047 512 2191 555 nam
2240 501 2351 558 aut
2381 501 2487 548 712

94 622 366 687 persona
407 600 500 664 vel
544 622 644 667 res
675 599 938 687 „singula
982 600 1240 668 relative
1282 600 1697 682 describitur,
1764 615 1834 670 ut
1875 613 2008 670 tota
2049 602 2347 669 enuncia-

0 791 4 798 ,
92 713 275 780 tionis
338 713 630 780 relativae
691 713 780 794 vis
839 712 904 777 in
945 710 1379 779 substantivo
1425 713 1703 803 quodam
1746 694 2169 782 describendo
2211 737 2349 780 ver-

91 837 296 907 setur,
374 824 540 893 velut
589 825 644 893 si
686 824 862 892 dico:
938 823 1143 889 arbor
1200 847 1423 912 quae
1460 824 1679 911 floret
1718 827 1985 914 placet,
2052 825 2145 892 vel
2203 829 2353 915 qui

0 955 2 958 ·
91 948 271 1002 tacet
315 937 551 1025 saluit,-
591 949 703 1005 aut
741 937 994 1025 integra
1037 938 1393 1003 enunciatio
1446 936 1746 1005 relativae
1781 939 2182 1025 particulae
2224 962 2350 1027 ope

0 1111 6 1136 Ε
90 1048 341 1116 aliunde
382 1047 649 1139 pendet,
694 1062 764 1119 ut
804 1051 856 1118 si
901 1049 1076 1116 dico:
1144 1050 1365 1139 quod
1404 1050 1631 1131 vales,
1684 1051 1982 1138 gaudeo,
2084 1052 2348 1119 Utrum-

92 1184 211 1251 que
254 1185 466 1250 genus
510 1157 710 1254 probe
753 1161 1006 1251 quidem
1048 1160 1567 1249 distinguendum
1610 1175 1743 1231 est:
1789 1162 1906 1229 sed
1948 1162 2009 1228 in
2054 1161 2350 1231 semiticis

0 1339 4 1348 ,
92 1291 299 1341 tamen
345 1274 578 1363 linguis
620 1276 736 1343 sibi
777 1276 1041 1343 invicem
1088 1274 1340 1342 similius
1387 1297 1576 1363 quam
1620 1277 1682 1341 in
1721 1275 1967 1342 nostris.
2070 1276 2348 1343 Omnino
2440 1358 2447 1364 ἱ

94 1386 254 1453 enim
302 1388 629 1456 semiticae
674 1389 930 1478 linguae
972 1388 1211 1456 indoles
1255 1410 1476 1455 rursus
1525 1411 1604 1454 eo
1650 1390 1927 1460 cernitur
1951 1437 1969 1467 ‚
2030 1389 2205 1476 quod
2247 1412 2349 1456 re·

0 1486 2 1493 ’
93 1499 343 1566 lativum
406 1500 671 1589 quodvis
737 1525 863 1569 non
931 1505 1039 1579 ea,
1104 1507 1228 1592 qua
1281 1502 1346 1568 in
1405 1501 1727 1569 senseritis
1784 1501 2011 1589 linguis
2058 1503 2349 1593 antiquis,

94 1612 383 1682 libertate
441 1614 734 1683 collocari
774 1628 1019 1706 potest,
1078 1613 1195 1681 sed
1237 1618 1522 1706 proximo
1569 1626 1814 1685 tantum
1856 1614 2031 1696 loco,
2092 1615 2158 1681 id
2204 1638 2351 1683 vero

0 1714 2 1720 ¹
99 1737 219 1808 est,
265 1729 349 1793 ab
394 1728 845 1796 enunciationis
890 1751 1046 1795 suae
1085 1727 1259 1795 initio
1302 1731 1574 1818 ponitur.
1648 1734 1868 1824 “Atque
1911 1738 1982 1794 ut
2027 1728 2351 1795 relativum

95 1839 442 1927 particulae
484 1841 602 1907 vim
646 1841 900 1931 explens
944 1841 1114 1912 nude
1158 1855 1221 1910 et
1263 1844 1536 1931 abrupte
1576 1842 2008 1930 praeponitur,
2053 1842 2141 1907 ita
2182 1841 2354 1909 idem

99 1952 460 2027 substantivi
499 1952 706 2022 locum
748 1967 971 2023 tenens
1017 1954 1407 2022 fundamenti
1453 1965 1695 2020 tantum
1727 1955 1883 2020 firmi
1920 1956 2055 2020 vice
2085 1957 2356 2044 abrupte

102 2077 160 2131 et
197 2088 310 2155 per
354 2089 429 2133 se
469 2069 550 2133 ab
592 2067 766 2135 initio
810 2068 1198 2149 collocatur3
1246 2066 1417 2132 unde
1461 2067 1564 2148 fit,
1610 2079 1683 2133 ut
1724 2090 1840 2134 vox
1885 2067 2048 2134 haec
2077 2067 2348 2149 relativa,

101 2180 204 2245 etsi
245 2204 282 2245 e
324 2182 634 2247 sermonis
678 2204 841 2250 nexu
884 2182 1252 2249 substantivi
1297 2202 1554 2247 sensum
1600 2181 1958 2246 necessario
1999 2179 2256 2262 induat,
2312 2204 2351 2247 e

103 2289 291 2359 forma
348 2306 558 2361 tamen
625 2299 741 2362 suti
794 2308 859 2364 et
926 2296 1182 2362 notione
1237 2294 1586 2384 particulae
1640 2292 1900 2381 propior
1958 2273 2024 2360 et
2066 2294 2353 2372 flexionis⁸

102 2404 259 2472 haud
313 2406 500 2474 valde
561 2409 642 2475 sit
684 2431 902 2496 capax.
1012 2408 1158 2483 Qua
1201 2419 1414 2475 tamen
1460 2407 1702 2474 ratione
1743 2428 1887 2474 cum
1933 2429 2051 2473 vox
2096 2407 2351 2474 relativa

102 2519 360 2608 abrupte
404 2530 470 2587 et
509 2543 624 2610 per
663 2543 735 2589 se
777 2522 1121 2610 praemissa
1164 2521 1277 2598 sit,
1328 2519 1672 2607 juncturae
1726 2520 1862 2608 ejus
1920 2519 2199 2587 definitio
2242 2544 2349 2587 ex-

105 2631 330 2713 actior,
399 2654 565 2721 quae
618 2656 657 2700 e
712 2644 847 2701 toto
905 2631 1360 2701 enunciationis
1418 2653 1607 2697 sensu
1656 2645 1721 2699 et
1772 2655 1938 2710 nexu
1976 2634 2349 2724 postulatur,

102 2743 160 2809 in
199 2747 606 2835 sequentibus
647 2770 774 2814 non
815 2747 1017 2815 minus
1061 2743 1411 2837 supplenda
1453 2758 1550 2813 est
1591 2748 1959 2840 pronomine
2015 2747 2350 2838 personali,

109 2881 283 2945 quam
354 2874 501 2951 post
561 2858 731 2928 aliud
773 2883 1019 2928 -nomen
1061 2862 1198 2928 sine
1239 2884 1404 2928 nexu
1449 2860 1860 2949 praemissum
1901 2858 2067 2925 idem
2116 2860 2351 2926 sacien-

108 2969 246 3039 dum
303 2998 447 3042 esse
504 2971 568 3064 §.
611 2976 743 3041 672
803 2972 1040 3042 dictum
1114 2989 1227 3041 est.
1361 2976 1586 3062 Itaque
1644 2987 1713 3040 ut
1775 2973 2029 3038 arabice
2086 2971 2351 3040 dicitur:

110 3087 613 3153 Mahmudus
655 3125 741 3137 —-
780 3087 937 3152 dixi
982 3085 1081 3164 ei,
1137 3089 1223 3154 it'a
1267 3086 1491 3154 eadem
1534 3087 1813 3152 ratione:
1876 3085 2024 3171 qui
2069 3122 2155 3134 --
2194 3085 2353 3149 dixi

109 3200 182 3266 ei.
263 3200 468 3268 Multo
509 3201 846 3291 simplicior
886 3202 1052 3268 haec
1093 3212 1191 3268 est
1233 3190 1433 3281 ratio,⁵
1490 3222 1679 3288 quam
1722 3198 1774 3265 si
1819 3196 2067 3277 Latini,
2123 3197 2351 3285 quibus

109 3334 439 3398 pronomen
499 3314 823 3383 relativum
885 3312 1224 3403 perfectius
1285 3324 1352 3381 et
1410 3311 1733 3380 volubilius
1792 3310 2352 3398 omniumquesfle-

111 3428 347 3496 xionnm
391 3441 455 3496 et
487 3429 929 3520 juncturarum
978 3450 1173 3515 capax
1220 3439 1353 3507 est,
1414 3447 1528 3513 pro
1573 3449 1652 3491 eo
1696 3423 1947 3492 dicunt:
2017 3424 2133 3488 cui
2170 3423 2351 3488 dixi.

111 3542 303 3628 Atque
364 3543 524 3609 haec
586 3543 841 3630 antiqua
894 3541 1288 3608 relativarum
1342 3562 1569 3606 vocum
1630 3538 1853 3616 inertia
1912 3536 1976 3601 in
2036 3536 2351 3604 arabismo

113 3654 252 3720 satis
311 3655 565 3743 quidem
622 3653 945 3723 emendari
1003 3655 1249 3745 coepit,
1320 3676 1440 3720 nec
1480 3663 1692 3722 tamen
1733 3653 1822 3720 ita
1863 3650 1992 3719 tolli
2012 3701 2032 3733 ‚
2105 3661 2177 3719 ut
2218 3651 2355 3739 ipsa

114 3763 354 3853 linguae
410 3768 653 3837 indoles
695 3769 945 3859 penitus
990 3758 1291 3836 subversa
1329 3768 1441 3837 sit:
1508 3789 1651 3834 nam
1697 3765 2176 3833 fundamentum
2219 3765 2356 3856 ejus

117 3877 402 3948 intactum
448 3894 762 3950 servatum
808 3895 923 3950 est.

275 3996 318 4060 1.
362 3997 715 4064 Relativum
759 3993 1181 4060 substantivi
1224 3993 1340 4056 vim
1386 3991 1663 4080 explen5‚
1709 3990 1909 4080 primo
1960 3989 2211 4056 uberius
2239 3988 2355 4054 do·
2392 4003 2497 4052 713

120 4106 369 4176 cendum
417 4123 547 4191 est,
605 4108 923 4197 quomodo
971 4130 1047 4174 ex
1080 4104 1176 4172 illa
1221 4104 1464 4172 ratione
1512 4102 1935 4172 enunciationi
1982 4124 2136 4169 suae
2167 4101 2355 4192 jungi
