<?xml version="1.0" encoding="UTF-8"?>
<!DOCTYPE html PUBLIC "-//W3C//DTD XHTML 1.0 Transitional//EN"
    "http://www.w3.org/TR/xhtml1/DTD/xhtml1-transitional.dtd">
<html xmlns="http://www.w3.org/1999/xhtml" xml:lang="en" lang="en">
 <head>
  <title>
</title>
<meta http-equiv="Content-Type" content="text/html;charset=utf-8" />
  <meta name='ocr-system' content='tesseract 3.04.00' />
  <meta name='ocr-capabilities' content='ocr_page ocr_carea ocr_par ocr_line ocrx_word'/>
</head>
<body>
  <div class='ocr_page' id='page_1' title='image "./geohenriciaugew00ewalgoog_0106.png"; bbox 0 0 2675 4692; ppageno 0'>
   <div class='ocr_carea' id='block_1_1' title="bbox 409 283 2003 383">
    <p class='ocr_par' dir='ltr' id='par_1_1' title="bbox 409 283 2003 383">
     <span class='ocr_line' id='line_1_1' title="bbox 409 283 2003 383; baseline 0.002 -30"><span class='ocrx_word' id='word_1_1' title='bbox 409 301 458 380; x_wconf 86' lang='lat'><strong>9</strong></span> <span class='ocrx_word' id='word_1_2' title='bbox 463 301 509 367; x_wconf 78' lang='lat'><em>2</em></span> <span class='ocrx_word' id='word_1_3' title='bbox 1088 283 1537 358; x_wconf 86' lang='lat' dir='ltr'><strong>Pronomina</strong></span> <span class='ocrx_word' id='word_1_4' title='bbox 1579 287 2003 383; x_wconf 80' lang='lat' dir='ltr'><strong>personalia.</strong></span> 
     </span>
    </p>
   </div>
   <div class='ocr_carea' id='block_1_2' title="bbox 407 463 2661 602">
    <p class='ocr_par' dir='ltr' id='par_1_2' title="bbox 407 463 2661 602">
     <span class='ocr_line' id='line_1_2' title="bbox 407 463 2661 602; baseline 0.001 -67"><span class='ocrx_word' id='word_1_5' title='bbox 407 467 478 536; x_wconf 92' lang='lat' dir='ltr'><strong>id</strong></span> <span class='ocrx_word' id='word_1_6' title='bbox 535 465 716 602; x_wconf 46' lang='lat' dir='ltr'><strong>quq}</strong></span> <span class='ocrx_word' id='word_1_7' title='bbox 768 466 836 533; x_wconf 90' lang='lat' dir='ltr'><strong>in</strong></span> <span class='ocrx_word' id='word_1_8' title='bbox 892 463 1121 555; x_wconf 77' lang='lat' dir='ltr'><strong>vulgus</strong></span> <span class='ocrx_word' id='word_1_9' title='bbox 1164 489 1425 558; x_wconf 89' lang='lat' dir='ltr'><strong>quoque</strong></span> <span class='ocrx_word' id='word_1_10' title='bbox 1479 468 1732 541; x_wconf 75' lang='lat' dir='ltr'><strong>licuisse</strong></span> <span class='ocrx_word' id='word_1_11' title='bbox 1771 480 1987 559; x_wconf 79' lang='lat' dir='ltr'><strong>patet,</strong></span> <span class='ocrx_word' id='word_1_12' title='bbox 2046 465 2505 559; x_wconf 84' lang='lat' dir='ltr'><strong>paullatimque</strong></span> <span class='ocrx_word' id='word_1_13' title='bbox 2556 468 2661 537; x_wconf 83' lang='lat' dir='ltr'><strong>boc</strong></span> 
     </span>
    </p>
   </div>
   <div class='ocr_carea' id='block_1_3' title="bbox 253 616 2658 3095">
    <p class='ocr_par' dir='ltr' id='par_1_3' title="bbox 406 616 1822 717">
     <span class='ocr_line' id='line_1_3' title="bbox 406 616 1822 717; baseline 0 -22"><span class='ocrx_word' id='word_1_14' title='bbox 406 627 505 695; x_wconf 81' lang='lat' dir='ltr'><strong>vel</strong></span> <span class='ocrx_word' id='word_1_15' title='bbox 545 628 611 693; x_wconf 87' lang='lat' dir='ltr'><strong>in</strong></span> <span class='ocrx_word' id='word_1_16' title='bbox 648 616 732 706; x_wconf 53' lang='grc' dir='ltr'><strong>ὁ*</strong></span> <span class='ocrx_word' id='word_1_17' title='bbox 766 627 1013 696; x_wconf 88' lang='lat' dir='ltr'><strong>transiit</strong></span> <span class='ocrx_word' id='word_1_18' title='bbox 1053 651 1107 695; x_wconf 81' lang='lat' dir='ltr'><strong>v.</strong></span> <span class='ocrx_word' id='word_1_19' title='bbox 1151 629 1400 697; x_wconf 87' lang='lat' dir='ltr'><strong>Kamus</strong></span> <span class='ocrx_word' id='word_1_20' title='bbox 1440 630 1501 695; x_wconf 85' lang='lat'><strong>2.</strong></span> <span class='ocrx_word' id='word_1_21' title='bbox 1538 651 1601 717; x_wconf 96' lang='lat' dir='ltr'><strong>p.</strong></span> <span class='ocrx_word' id='word_1_22' title='bbox 1634 629 1822 696; x_wconf 81' lang='lat'><strong>1720.</strong></span> 
     </span>
    </p>

    <p class='ocr_par' dir='ltr' id='par_1_4' title="bbox 273 740 2658 2081">
     <span class='ocr_line' id='line_1_4' title="bbox 273 740 2658 832; baseline 0.002 -28"><span class='ocrx_word' id='word_1_23' title='bbox 273 755 380 806; x_wconf 71' lang='lat'><strong>166</strong></span> <span class='ocrx_word' id='word_1_24' title='bbox 573 740 762 816; x_wconf 84' lang='lat' dir='ltr'><strong>Quae</strong></span> <span class='ocrx_word' id='word_1_25' title='bbox 827 750 894 808; x_wconf 91' lang='lat' dir='ltr'><strong>et</strong></span> <span class='ocrx_word' id='word_1_26' title='bbox 960 752 1118 830; x_wconf 91' lang='lat' dir='ltr'><strong>quot</strong></span> <span class='ocrx_word' id='word_1_27' title='bbox 1173 744 1433 830; x_wconf 89' lang='lat' dir='ltr'><strong>generis</strong></span> <span class='ocrx_word' id='word_1_28' title='bbox 1476 743 1847 832; x_wconf 90' lang='lat' dir='ltr'><strong>numerique</strong></span> <span class='ocrx_word' id='word_1_29' title='bbox 1889 741 2248 809; x_wconf 85' lang='lat' dir='ltr'><strong>discrimina</strong></span> <span class='ocrx_word' id='word_1_30' title='bbox 2285 740 2510 829; x_wconf 85' lang='lat' dir='ltr'><strong>lingna</strong></span> <span class='ocrx_word' id='word_1_31' title='bbox 2546 763 2658 808; x_wconf 84' lang='lat' dir='ltr'><strong>ser·</strong></span> 
     </span>
     <span class='ocr_line' id='line_1_5' title="bbox 401 853 2655 947; baseline -0 -27"><span class='ocrx_word' id='word_1_32' title='bbox 401 864 506 922; x_wconf 79' lang='lat' dir='ltr'><strong>vet</strong></span> <span class='ocrx_word' id='word_1_33' title='bbox 547 875 627 921; x_wconf 86' lang='lat' dir='ltr'><strong>ex</strong></span> <span class='ocrx_word' id='word_1_34' title='bbox 666 853 763 920; x_wconf 87' lang='lat' dir='ltr'><strong>his</strong></span> <span class='ocrx_word' id='word_1_35' title='bbox 809 854 962 922; x_wconf 90' lang='lat' dir='ltr'><strong>satis</strong></span> <span class='ocrx_word' id='word_1_36' title='bbox 1005 855 1230 923; x_wconf 86' lang='lat' dir='ltr'><strong>elucet.</strong></span> <span class='ocrx_word' id='word_1_37' title='bbox 1328 855 1603 944; x_wconf 82' lang='lat' dir='ltr'><strong>Antiqua</strong></span> <span class='ocrx_word' id='word_1_38' title='bbox 1650 857 1787 947; x_wconf 86' lang='lat' dir='ltr'><strong>jam</strong></span> <span class='ocrx_word' id='word_1_39' title='bbox 1844 856 2128 924; x_wconf 89' lang='lat' dir='ltr'><strong>semitica</strong></span> <span class='ocrx_word' id='word_1_40' title='bbox 2189 855 2416 943; x_wconf 84' lang='lat' dir='ltr'><strong>lingua</strong></span> <span class='ocrx_word' id='word_1_41' title='bbox 2455 857 2519 921; x_wconf 88' lang='lat' dir='ltr'><strong>in</strong></span> <span class='ocrx_word' id='word_1_42' title='bbox 2558 876 2655 942; x_wconf 69' lang='lat' dir='ltr'><strong>ge</strong></span> 
     </span>
     <span class='ocr_line' id='line_1_6' title="bbox 396 964 2653 1058; baseline -0.001 -25"><span class='ocrx_word' id='word_1_43' title='bbox 396 988 556 1033; x_wconf 88' lang='lat' dir='ltr'><strong>nere</strong></span> <span class='ocrx_word' id='word_1_44' title='bbox 616 964 940 1034; x_wconf 86' lang='lat' dir='ltr'><strong>secundae</strong></span> <span class='ocrx_word' id='word_1_45' title='bbox 997 968 1188 1035; x_wconf 88' lang='lat' dir='ltr'><strong>etiam</strong></span> <span class='ocrx_word' id='word_1_46' title='bbox 1240 989 1560 1057; x_wconf 78' lang='lat' dir='ltr'><strong>personae</strong></span> <span class='ocrx_word' id='word_1_47' title='bbox 1608 968 2059 1058; x_wconf 84' lang='lat' dir='ltr'><strong>distinguendo</strong></span> <span class='ocrx_word' id='word_1_48' title='bbox 2106 966 2382 1056; x_wconf 88' lang='lat' dir='ltr'><strong>diligens</strong></span> <span class='ocrx_word' id='word_1_49' title='bbox 2428 976 2554 1049; x_wconf 79' lang='lat' dir='ltr'><strong>est3</strong></span> <span class='ocrx_word' id='word_1_50' title='bbox 2602 968 2653 1032; x_wconf 87' lang='lat' dir='ltr'><strong>in</strong></span> 
     </span>
     <span class='ocr_line' id='line_1_7' title="bbox 395 1079 2651 1171; baseline 0 -25"><span class='ocrx_word' id='word_1_51' title='bbox 395 1080 600 1171; x_wconf 69' lang='lat' dir='ltr'><strong>prima</strong></span> <span class='ocrx_word' id='word_1_52' title='bbox 640 1090 855 1147; x_wconf 90' lang='lat' dir='ltr'><strong>autem</strong></span> <span class='ocrx_word' id='word_1_53' title='bbox 895 1102 1217 1170; x_wconf 84' lang='lat' dir='ltr'><strong>nunquam</strong></span> <span class='ocrx_word' id='word_1_54' title='bbox 1258 1079 1572 1170; x_wconf 86' lang='lat' dir='ltr'><strong>ejusmodi</strong></span> <span class='ocrx_word' id='word_1_55' title='bbox 1615 1079 1931 1149; x_wconf 88' lang='lat' dir='ltr'><strong>distinctio</strong></span> <span class='ocrx_word' id='word_1_56' title='bbox 1974 1081 2230 1149; x_wconf 80' lang='lat' dir='ltr'><strong>invaluit</strong></span> <span class='ocrx_word' id='word_1_57' title='bbox 2272 1104 2490 1170; x_wconf 89' lang='lat' dir='ltr'><strong>neque</strong></span> <span class='ocrx_word' id='word_1_58' title='bbox 2516 1104 2555 1147; x_wconf 88' lang='lat' dir='ltr'><strong>e</strong></span> <span class='ocrx_word' id='word_1_59' title='bbox 2576 1080 2651 1146; x_wconf 75' lang='lat' dir='ltr'><strong>rei</strong></span> 
     </span>
     <span class='ocr_line' id='line_1_8' title="bbox 397 1192 2648 1291; baseline -0.001 -31"><span class='ocrx_word' id='word_1_60' title='bbox 397 1196 625 1262; x_wconf 70' lang='lat' dir='ltr'><strong>natura</strong></span> <span class='ocrx_word' id='word_1_61' title='bbox 673 1204 1096 1283; x_wconf 82' lang='lat' dir='ltr'><strong>exspectatur.</strong></span> <span class='ocrx_word' id='word_1_62' title='bbox 1206 1193 1345 1261; x_wconf 81' lang='lat' dir='ltr'><strong>Sed</strong></span> <span class='ocrx_word' id='word_1_63' title='bbox 1398 1203 1738 1283; x_wconf 86' lang='lat' dir='ltr'><strong>praeterea</strong></span> <span class='ocrx_word' id='word_1_64' title='bbox 1781 1194 2094 1291; x_wconf 83' lang='lat' dir='ltr'><strong>Arabibus</strong></span> <span class='ocrx_word' id='word_1_65' title='bbox 2151 1192 2356 1262; x_wconf 79' lang='lat' dir='ltr'><strong>dualis</strong></span> <span class='ocrx_word' id='word_1_66' title='bbox 2401 1216 2648 1284; x_wconf 85' lang='lat' dir='ltr'><strong>quoque,</strong></span> 
     </span>
     <span class='ocr_line' id='line_1_9' title="bbox 397 1307 2646 1398; baseline 0.001 -25"><span class='ocrx_word' id='word_1_67' title='bbox 397 1307 507 1398; x_wconf 89' lang='lat' dir='ltr'><strong>qui</strong></span> <span class='ocrx_word' id='word_1_68' title='bbox 561 1307 629 1372; x_wconf 88' lang='lat' dir='ltr'><strong>in</strong></span> <span class='ocrx_word' id='word_1_69' title='bbox 684 1307 939 1394; x_wconf 75' lang='lat' dir='ltr'><strong>antiqua</strong></span> <span class='ocrx_word' id='word_1_70' title='bbox 1000 1307 1219 1396; x_wconf 72' lang='lat' dir='ltr'><strong>lingua</strong></span> <span class='ocrx_word' id='word_1_71' title='bbox 1275 1309 1530 1397; x_wconf 82' lang='lat' dir='ltr'><strong>parcius</strong></span> <span class='ocrx_word' id='word_1_72' title='bbox 1574 1309 1879 1390; x_wconf 89' lang='lat' dir='ltr'><strong>usitatur,</strong></span> <span class='ocrx_word' id='word_1_73' title='bbox 1946 1320 2077 1377; x_wconf 84' lang='lat' dir='ltr'><strong>tam</strong></span> <span class='ocrx_word' id='word_1_74' title='bbox 2120 1308 2427 1398; x_wconf 80' lang='lat' dir='ltr'><strong>frequens</strong></span> <span class='ocrx_word' id='word_1_75' title='bbox 2469 1307 2646 1375; x_wconf 81' lang='lat' dir='ltr'><strong>factus</strong></span> 
     </span>
     <span class='ocr_line' id='line_1_10' title="bbox 394 1417 2645 1517; baseline -0.001 -29"><span class='ocrx_word' id='word_1_76' title='bbox 394 1430 495 1488; x_wconf 85' lang='lat' dir='ltr'><strong>est</strong></span> <span class='ocrx_word' id='word_1_77' title='bbox 536 1417 831 1508; x_wconf 73' lang='lat' dir='ltr'><strong>adeoque</strong></span> <span class='ocrx_word' id='word_1_78' title='bbox 861 1441 981 1513; x_wconf 87' lang='lat' dir='ltr'><strong>per</strong></span> <span class='ocrx_word' id='word_1_79' title='bbox 1013 1431 1215 1517; x_wconf 85' lang='lat' dir='ltr'><strong>totam</strong></span> <span class='ocrx_word' id='word_1_80' title='bbox 1242 1421 1505 1509; x_wconf 85' lang='lat' dir='ltr'><strong>linguae</strong></span> <span class='ocrx_word' id='word_1_81' title='bbox 1548 1420 1851 1491; x_wconf 77' lang='lat' dir='ltr'><strong>dffionem</strong></span> <span class='ocrx_word' id='word_1_82' title='bbox 1886 1422 2142 1490; x_wconf 81' lang='lat' dir='ltr'><strong>invaluit</strong></span> <span class='ocrx_word' id='word_1_83' title='bbox 2184 1424 2539 1489; x_wconf 83' lang='lat' dir='ltr'><strong>sanseritae</strong></span> <span class='ocrx_word' id='word_1_84' title='bbox 2569 1421 2645 1486; x_wconf 81' lang='lat' dir='ltr'><strong>in·</strong></span> 
     </span>
     <span class='ocr_line' id='line_1_11' title="bbox 390 1533 2642 1625; baseline -0.002 -22"><span class='ocrx_word' id='word_1_85' title='bbox 390 1545 528 1603; x_wconf 87' lang='lat' dir='ltr'><strong>star</strong></span> <span class='ocrx_word' id='word_1_86' title='bbox 571 1544 638 1602; x_wconf 90' lang='lat' dir='ltr'><strong>et</strong></span> <span class='ocrx_word' id='word_1_87' title='bbox 679 1555 963 1622; x_wconf 82' lang='lat' dir='ltr'><strong>graecae</strong></span> <span class='ocrx_word' id='word_1_88' title='bbox 1001 1533 1294 1622; x_wconf 82' lang='lat' dir='ltr'><strong>linguae,</strong></span> <span class='ocrx_word' id='word_1_89' title='bbox 1351 1545 1426 1602; x_wconf 92' lang='lat' dir='ltr'><strong>ut</strong></span> <span class='ocrx_word' id='word_1_90' title='bbox 1465 1533 1551 1602; x_wconf 92' lang='lat' dir='ltr'><strong>ad</strong></span> <span class='ocrx_word' id='word_1_91' title='bbox 1600 1537 1862 1602; x_wconf 82' lang='lat' dir='ltr'><strong>verbum</strong></span> <span class='ocrx_word' id='word_1_92' title='bbox 1905 1556 2161 1625; x_wconf 88' lang='lat' dir='ltr'><strong>quoqne</strong></span> <span class='ocrx_word' id='word_1_93' title='bbox 2203 1545 2270 1604; x_wconf 90' lang='lat' dir='ltr'><strong>et</strong></span> <span class='ocrx_word' id='word_1_94' title='bbox 2314 1548 2642 1624; x_wconf 79' lang='lat' dir='ltr'><strong>pronomen</strong></span> 
     </span>
     <span class='ocr_line' id='line_1_12' title="bbox 387 1645 2639 1738; baseline -0.001 -22"><span class='ocrx_word' id='word_1_95' title='bbox 387 1647 734 1716; x_wconf 85' lang='lat' dir='ltr'><strong>translatus</strong></span> <span class='ocrx_word' id='word_1_96' title='bbox 763 1647 862 1729; x_wconf 88' lang='lat' dir='ltr'><strong>sit,</strong></span> <span class='ocrx_word' id='word_1_97' title='bbox 894 1670 1017 1714; x_wconf 90' lang='lat' dir='ltr'><strong>nec</strong></span> <span class='ocrx_word' id='word_1_98' title='bbox 1044 1658 1254 1714; x_wconf 88' lang='lat' dir='ltr'><strong>tamen</strong></span> <span class='ocrx_word' id='word_1_99' title='bbox 1282 1647 1399 1715; x_wconf 89' lang='lat' dir='ltr'><strong>nisi</strong></span> <span class='ocrx_word' id='word_1_100' title='bbox 1429 1647 1497 1713; x_wconf 90' lang='lat' dir='ltr'><strong>in</strong></span> <span class='ocrx_word' id='word_1_101' title='bbox 1520 1647 1707 1716; x_wconf 72' lang='lat' dir='ltr'><strong>tertia</strong></span> <span class='ocrx_word' id='word_1_102' title='bbox 1731 1657 1798 1715; x_wconf 85' lang='lat' dir='ltr'><strong>et</strong></span> <span class='ocrx_word' id='word_1_103' title='bbox 1819 1646 2102 1714; x_wconf 71' lang='lat' dir='ltr'><strong>secunda</strong></span> <span class='ocrx_word' id='word_1_104' title='bbox 2129 1649 2432 1738; x_wconf 73' lang='lat' dir='ltr'><strong>persona,</strong></span> <span class='ocrx_word' id='word_1_105' title='bbox 2455 1645 2639 1715; x_wconf 87' lang='lat' dir='ltr'><strong>simul-</strong></span> 
     </span>
     <span class='ocr_line' id='line_1_13' title="bbox 389 1760 2640 1853; baseline -0.002 -23"><span class='ocrx_word' id='word_1_106' title='bbox 389 1786 516 1853; x_wconf 87' lang='lat' dir='ltr'><strong>que</strong></span> <span class='ocrx_word' id='word_1_107' title='bbox 556 1764 694 1831; x_wconf 87' lang='lat' dir='ltr'><strong>sine</strong></span> <span class='ocrx_word' id='word_1_108' title='bbox 735 1762 991 1852; x_wconf 88' lang='lat' dir='ltr'><strong>generis</strong></span> <span class='ocrx_word' id='word_1_109' title='bbox 1036 1760 1414 1829; x_wconf 80' lang='lat' dir='ltr'><strong>discrimine.</strong></span> <span class='ocrx_word' id='word_1_110' title='bbox 1495 1761 1954 1829; x_wconf 87' lang='lat' dir='ltr'><strong>Pronominum</strong></span> <span class='ocrx_word' id='word_1_111' title='bbox 1983 1772 2197 1830; x_wconf 90' lang='lat' dir='ltr'><strong>autem</strong></span> <span class='ocrx_word' id='word_1_112' title='bbox 2232 1761 2470 1830; x_wconf 90' lang='lat' dir='ltr'><strong>borum</strong></span> <span class='ocrx_word' id='word_1_113' title='bbox 2499 1782 2640 1850; x_wconf 81' lang='lat' dir='ltr'><strong>quae</strong></span> 
     </span>
     <span class='ocr_line' id='line_1_14' title="bbox 389 1871 2637 1966; baseline -0.001 -23"><span class='ocrx_word' id='word_1_114' title='bbox 389 1875 641 1945; x_wconf 87' lang='lat' dir='ltr'><strong>exculta</strong></span> <span class='ocrx_word' id='word_1_115' title='bbox 682 1887 832 1945; x_wconf 88' lang='lat' dir='ltr'><strong>sunt</strong></span> <span class='ocrx_word' id='word_1_116' title='bbox 870 1874 1114 1941; x_wconf 83' lang='lat' dir='ltr'><strong>numeri</strong></span> <span class='ocrx_word' id='word_1_117' title='bbox 1155 1874 1541 1963; x_wconf 81' lang='lat' dir='ltr'><strong>generisque</strong></span> <span class='ocrx_word' id='word_1_118' title='bbox 1582 1871 1942 1940; x_wconf 89' lang='lat' dir='ltr'><strong>discrimina</strong></span> <span class='ocrx_word' id='word_1_119' title='bbox 1962 1924 1982 1954; x_wconf 89' lang='lat'><strong>,</strong></span> <span class='ocrx_word' id='word_1_120' title='bbox 2027 1874 2254 1942; x_wconf 90' lang='lat' dir='ltr'><strong>eadem</strong></span> <span class='ocrx_word' id='word_1_121' title='bbox 2293 1897 2551 1966; x_wconf 81' lang='lat' dir='ltr'><strong>prorsus</strong></span> <span class='ocrx_word' id='word_1_122' title='bbox 2584 1874 2637 1940; x_wconf 84' lang='lat' dir='ltr'><strong>in</strong></span> 
     </span>
     <span class='ocr_line' id='line_1_15' title="bbox 384 1984 2635 2081; baseline -0.002 -24"><span class='ocrx_word' id='word_1_123' title='bbox 384 1989 674 2081; x_wconf 87' lang='lat' dir='ltr'><strong>personis</strong></span> <span class='ocrx_word' id='word_1_124' title='bbox 697 1988 874 2056; x_wconf 82' lang='lat' dir='ltr'><strong>verbi</strong></span> <span class='ocrx_word' id='word_1_125' title='bbox 906 2011 1054 2055; x_wconf 91' lang='lat' dir='ltr'><strong>cum</strong></span> <span class='ocrx_word' id='word_1_126' title='bbox 1085 1988 1182 2055; x_wconf 87' lang='lat' dir='ltr'><strong>his</strong></span> <span class='ocrx_word' id='word_1_127' title='bbox 1219 1986 1574 2055; x_wconf 85' lang='lat' dir='ltr'><strong>arctissime</strong></span> <span class='ocrx_word' id='word_1_128' title='bbox 1615 1984 2102 2055; x_wconf 85' lang='lat' dir='ltr'><strong>cohaerentibus</strong></span> <span class='ocrx_word' id='word_1_129' title='bbox 2125 1987 2335 2056; x_wconf 82' lang='lat' dir='ltr'><strong>valent</strong></span> <span class='ocrx_word' id='word_1_130' title='bbox 2356 1986 2461 2079; x_wconf 84' lang='lat'><strong>(§.</strong></span> <span class='ocrx_word' id='word_1_131' title='bbox 2475 1986 2635 2071; x_wconf 81' lang='grc'><strong>214).</strong></span> 
     </span>
    </p>

    <p class='ocr_par' dir='ltr' id='par_1_5' title="bbox 253 2097 2657 3095">
     <span class='ocr_line' id='line_1_16' title="bbox 253 2097 2631 2191; baseline -0 -24"><span class='ocrx_word' id='word_1_132' title='bbox 253 2118 360 2168; x_wconf 73' lang='grc'><strong>167</strong></span> <span class='ocrx_word' id='word_1_133' title='bbox 555 2102 693 2171; x_wconf 81' lang='lat' dir='ltr'><strong>Sed</strong></span> <span class='ocrx_word' id='word_1_134' title='bbox 736 2102 994 2191; x_wconf 87' lang='lat' dir='ltr'><strong>generis</strong></span> <span class='ocrx_word' id='word_1_135' title='bbox 1037 2101 1410 2189; x_wconf 90' lang='lat' dir='ltr'><strong>numerique</strong></span> <span class='ocrx_word' id='word_1_136' title='bbox 1449 2099 1745 2188; x_wconf 89' lang='lat' dir='ltr'><strong>(praeter</strong></span> <span class='ocrx_word' id='word_1_137' title='bbox 1778 2098 2030 2167; x_wconf 88' lang='lat' dir='ltr'><strong>dualem</strong></span> <span class='ocrx_word' id='word_1_138' title='bbox 2071 2097 2137 2190; x_wconf 83' lang='lat'><strong>§.</strong></span> <span class='ocrx_word' id='word_1_139' title='bbox 2156 2101 2321 2188; x_wconf 84' lang='lat'>168)</span> <span class='ocrx_word' id='word_1_140' title='bbox 2365 2099 2631 2168; x_wconf 83' lang='lat' dir='ltr'><strong>formatio</strong></span> 
     </span>
     <span class='ocr_line' id='line_1_17' title="bbox 379 2202 2631 2305; baseline -0.003 -21"><span class='ocrx_word' id='word_1_141' title='bbox 379 2202 448 2284; x_wconf 85' lang='lat' dir='ltr'><strong>in</strong></span> <span class='ocrx_word' id='word_1_142' title='bbox 508 2216 609 2284; x_wconf 88' lang='lat' dir='ltr'><strong>his</strong></span> <span class='ocrx_word' id='word_1_143' title='bbox 663 2216 1139 2305; x_wconf 82' lang='lat' dir='ltr'><strong>pronominibus</strong></span> <span class='ocrx_word' id='word_1_144' title='bbox 1198 2235 1462 2304; x_wconf 90' lang='lat' dir='ltr'><strong>prorsus</strong></span> <span class='ocrx_word' id='word_1_145' title='bbox 1522 2212 1860 2301; x_wconf 86' lang='lat' dir='ltr'><strong>singularis</strong></span> <span class='ocrx_word' id='word_1_146' title='bbox 1918 2212 2128 2295; x_wconf 85' lang='lat' dir='ltr'><strong>elucet</strong></span> <span class='ocrx_word' id='word_1_147' title='bbox 2165 2238 2243 2281; x_wconf 84' lang='lat' dir='ltr'><strong>ex</strong></span> <span class='ocrx_word' id='word_1_148' title='bbox 2289 2225 2501 2283; x_wconf 71' lang='lat' dir='ltr'><strong>aetate</strong></span> <span class='ocrx_word' id='word_1_149' title='bbox 2536 2212 2631 2278; x_wconf 76' lang='lat' dir='ltr'><strong>En-</strong></span> 
     </span>
     <span class='ocr_line' id='line_1_18' title="bbox 379 2325 2627 2417; baseline -0.002 -22"><span class='ocrx_word' id='word_1_150' title='bbox 379 2351 557 2417; x_wconf 85' lang='lat' dir='ltr'><strong>guae</strong></span> <span class='ocrx_word' id='word_1_151' title='bbox 607 2327 945 2417; x_wconf 72' lang='lat' dir='ltr'><strong>antiquiori</strong></span> <span class='ocrx_word' id='word_1_152' title='bbox 988 2336 1256 2394; x_wconf 79' lang='lat' dir='ltr'><strong>servata.</strong></span> <span class='ocrx_word' id='word_1_153' title='bbox 1362 2325 1534 2392; x_wconf 87' lang='lat' dir='ltr'><strong>Nam</strong></span> <span class='ocrx_word' id='word_1_154' title='bbox 1576 2338 1649 2393; x_wconf 90' lang='lat' dir='ltr'><strong>ut</strong></span> <span class='ocrx_word' id='word_1_155' title='bbox 1690 2326 1836 2394; x_wconf 85' lang='lat' dir='ltr'><strong>fem.</strong></span> <span class='ocrx_word' id='word_1_156' title='bbox 1881 2349 1981 2414; x_wconf 88' lang='lat' dir='ltr'><strong>sg.</strong></span> <span class='ocrx_word' id='word_1_157' title='bbox 2020 2325 2484 2416; x_wconf 81' lang='lat' dir='ltr'><strong>distinguatur,</strong></span> <span class='ocrx_word' id='word_1_158' title='bbox 2538 2347 2627 2391; x_wconf 77' lang='lat' dir='ltr'><strong>vo-</strong></span> 
     </span>
     <span class='ocr_line' id='line_1_19' title="bbox 381 2438 2625 2531; baseline -0.002 -23"><span class='ocrx_word' id='word_1_159' title='bbox 381 2441 532 2508; x_wconf 86' lang='lat' dir='ltr'><strong>calis</strong></span> <span class='ocrx_word' id='word_1_160' title='bbox 589 2441 654 2506; x_wconf 89' lang='lat' dir='ltr'><strong>in</strong></span> <span class='ocrx_word' id='word_1_161' title='bbox 696 2442 726 2505; x_wconf 76' lang='lat' dir='ltr'><strong>z·</strong></span> <span class='ocrx_word' id='word_1_162' title='bbox 769 2438 1132 2530; x_wconf 84' lang='lat' dir='ltr'><strong>depressius</strong></span> <span class='ocrx_word' id='word_1_163' title='bbox 1174 2439 1455 2523; x_wconf 88' lang='lat' dir='ltr'><strong>transiit;</strong></span> <span class='ocrx_word' id='word_1_164' title='bbox 1530 2438 1594 2504; x_wconf 90' lang='lat' dir='ltr'><strong>in</strong></span> <span class='ocrx_word' id='word_1_165' title='bbox 1639 2439 1787 2506; x_wconf 87' lang='lat' dir='ltr'><strong>fem.</strong></span> <span class='ocrx_word' id='word_1_166' title='bbox 1830 2439 1913 2529; x_wconf 84' lang='lat' dir='ltr'><strong>pl.</strong></span> <span class='ocrx_word' id='word_1_167' title='bbox 1955 2440 2137 2507; x_wconf 89' lang='lat' dir='ltr'><strong>litera</strong></span> <span class='ocrx_word' id='word_1_168' title='bbox 2176 2440 2417 2531; x_wconf 87' lang='lat' dir='ltr'><strong>liquida</strong></span> <span class='ocrx_word' id='word_1_169' title='bbox 2454 2438 2625 2506; x_wconf 80' lang='lat' dir='ltr'><strong>finalis</strong></span> 
     </span>
     <span class='ocr_line' id='line_1_20' title="bbox 376 2548 2626 2658; baseline -0.003 -37"><span class='ocrx_word' id='word_1_170' title='bbox 376 2563 624 2622; x_wconf 86' lang='lat' dir='ltr'><strong>mutata</strong></span> <span class='ocrx_word' id='word_1_171' title='bbox 679 2565 779 2621; x_wconf 90' lang='lat' dir='ltr'><strong>est</strong></span> <span class='ocrx_word' id='word_1_172' title='bbox 831 2554 896 2619; x_wconf 91' lang='lat' dir='ltr'><strong>in</strong></span> <span class='ocrx_word' id='word_1_173' title='bbox 940 2551 1347 2619; x_wconf 87' lang='lat' dir='ltr'><strong>obtusiorem.</strong></span> <span class='ocrx_word' id='word_1_174' title='bbox 1447 2551 1624 2619; x_wconf 90' lang='lat' dir='ltr'><strong>Plur.</strong></span> <span class='ocrx_word' id='word_1_175' title='bbox 1666 2563 1880 2621; x_wconf 90' lang='lat' dir='ltr'><strong>autem</strong></span> <span class='ocrx_word' id='word_1_176' title='bbox 1923 2575 2082 2619; x_wconf 86' lang='lat' dir='ltr'><strong>sono</strong></span> <span class='ocrx_word' id='word_1_177' title='bbox 2125 2574 2224 2640; x_wconf 86' lang='lat' dir='ltr'><strong>sg.</strong></span> <span class='ocrx_word' id='word_1_178' title='bbox 2260 2581 2360 2658; x_wconf 52' lang='grc' dir='ltr'><strong>,Δ</strong></span> <span class='ocrx_word' id='word_1_179' title='bbox 2397 2553 2494 2617; x_wconf 74' lang='lat' dir='ltr'><strong>lm</strong></span> <span class='ocrx_word' id='word_1_180' title='bbox 2530 2548 2626 2640; x_wconf 81' lang='lat' dir='ltr'><strong>(a)</strong></span> 
     </span>
     <span class='ocr_line' id='line_1_21' title="bbox 375 2662 2623 2755; baseline -0.002 -23"><span class='ocrx_word' id='word_1_181' title='bbox 375 2690 498 2732; x_wconf 78' lang='lat' dir='ltr'><strong>um</strong></span> <span class='ocrx_word' id='word_1_182' title='bbox 566 2666 962 2755; x_wconf 82' lang='lat' dir='ltr'><strong>postposuit,</strong></span> <span class='ocrx_word' id='word_1_183' title='bbox 1050 2686 1217 2753; x_wconf 90' lang='lat' dir='ltr'><strong>quae</strong></span> <span class='ocrx_word' id='word_1_184' title='bbox 1290 2665 1650 2733; x_wconf 88' lang='lat' dir='ltr'><strong>terminatio</strong></span> <span class='ocrx_word' id='word_1_185' title='bbox 1710 2664 1946 2732; x_wconf 89' lang='lat' dir='ltr'><strong>deinde</strong></span> <span class='ocrx_word' id='word_1_186' title='bbox 1992 2662 2073 2732; x_wconf 65' lang='lat' dir='ltr'><strong>‘in</strong></span> <span class='ocrx_word' id='word_1_187' title='bbox 2128 2687 2315 2754; x_wconf 86' lang='lat' dir='ltr'><strong>pron.</strong></span> <span class='ocrx_word' id='word_1_188' title='bbox 2370 2687 2497 2733; x_wconf 90' lang='lat' dir='ltr'><strong>sec.</strong></span> <span class='ocrx_word' id='word_1_189' title='bbox 2546 2686 2623 2750; x_wconf 86' lang='lat' dir='ltr'><strong>ps.</strong></span> 
     </span>
     <span class='ocr_line' id='line_1_22' title="bbox 374 2772 2621 2865; baseline 0 -18"><span class='ocrx_word' id='word_1_190' title='bbox 374 2779 678 2848; x_wconf 84' lang='lat' dir='ltr'><strong>translata</strong></span> <span class='ocrx_word' id='word_1_191' title='bbox 719 2790 835 2846; x_wconf 89' lang='lat' dir='ltr'><strong>est.</strong></span> <span class='ocrx_word' id='word_1_192' title='bbox 921 2776 1060 2847; x_wconf 85' lang='lat' dir='ltr'><strong>Sed</strong></span> <span class='ocrx_word' id='word_1_193' title='bbox 1101 2777 1416 2865; x_wconf 79' lang='lat' dir='ltr'><strong>antiquior</strong></span> <span class='ocrx_word' id='word_1_194' title='bbox 1459 2777 1661 2845; x_wconf 83' lang='lat' dir='ltr'><strong>forma</strong></span> <span class='ocrx_word' id='word_1_195' title='bbox 1698 2776 1906 2847; x_wconf 71' lang='grc' dir='ltr'><em>Ιιᾶιηιῖ</em></span> <span class='ocrx_word' id='word_1_196' title='bbox 1950 2789 2015 2847; x_wconf 91' lang='lat' dir='ltr'><strong>et</strong></span> <span class='ocrx_word' id='word_1_197' title='bbox 2057 2802 2135 2844; x_wconf 83' lang='lat' dir='ltr'><strong>ex</strong></span> <span class='ocrx_word' id='word_1_198' title='bbox 2163 2778 2293 2845; x_wconf 88' lang='lat' dir='ltr'><strong>boc</strong></span> <span class='ocrx_word' id='word_1_199' title='bbox 2328 2772 2621 2847; x_wconf 68' lang='lat' dir='ltr'><strong>antumd,</strong></span> 
     </span>
     <span class='ocr_line' id='line_1_23' title="bbox 372 2890 2623 2983; baseline -0.001 -26"><span class='ocrx_word' id='word_1_200' title='bbox 372 2915 564 2982; x_wconf 90' lang='lat' dir='ltr'><strong>quam</strong></span> <span class='ocrx_word' id='word_1_201' title='bbox 621 2891 904 2959; x_wconf 81' lang='lat' dir='ltr'><strong>adfuisse</strong></span> <span class='ocrx_word' id='word_1_202' title='bbox 956 2901 1136 2958; x_wconf 88' lang='lat' dir='ltr'><strong>certa</strong></span> <span class='ocrx_word' id='word_1_203' title='bbox 1177 2892 1447 2979; x_wconf 85' lang='lat' dir='ltr'><strong>vestigia</strong></span> <span class='ocrx_word' id='word_1_204' title='bbox 1495 2890 1566 2978; x_wconf 85' lang='lat'><strong>¹)</strong></span> <span class='ocrx_word' id='word_1_205' title='bbox 1612 2890 1879 2975; x_wconf 80' lang='lat' dir='ltr'><strong>docent,</strong></span> <span class='ocrx_word' id='word_1_206' title='bbox 1942 2893 2146 2980; x_wconf 88' lang='lat' dir='ltr'><strong>poetis</strong></span> <span class='ocrx_word' id='word_1_207' title='bbox 2188 2915 2447 2983; x_wconf 88' lang='lat' dir='ltr'><strong>semper</strong></span> <span class='ocrx_word' id='word_1_208' title='bbox 2481 2890 2623 2956; x_wconf 84' lang='lat' dir='ltr'><strong>licita</strong></span> 
     </span>
     <span class='ocr_line' id='line_1_24' title="bbox 372 2994 2657 3095; baseline -0.001 -23"><span class='ocrx_word' id='word_1_209' title='bbox 372 3018 512 3086; x_wconf 89' lang='lat' dir='ltr'><strong>est,</strong></span> <span class='ocrx_word' id='word_1_210' title='bbox 574 3005 899 3094; x_wconf 72' lang='lat' dir='ltr'><strong>habetque</strong></span> <span class='ocrx_word' id='word_1_211' title='bbox 957 3005 1022 3071; x_wconf 92' lang='lat' dir='ltr'><strong>in</strong></span> <span class='ocrx_word' id='word_1_212' title='bbox 1088 3003 1334 3094; x_wconf 82' lang='lat' dir='ltr'><strong>vulgari</strong></span> <span class='ocrx_word' id='word_1_213' title='bbox 1376 3026 1633 3094; x_wconf 88' lang='lat' dir='ltr'><strong>quoque</strong></span> <span class='ocrx_word' id='word_1_214' title='bbox 1674 3026 1969 3072; x_wconf 88' lang='lat' dir='ltr'><strong>sermone</strong></span> <span class='ocrx_word' id='word_1_215' title='bbox 2006 3004 2240 3074; x_wconf 86' lang='lat' dir='ltr'><strong>indicia</strong></span> <span class='ocrx_word' id='word_1_216' title='bbox 2282 3018 2386 3074; x_wconf 87' lang='lat' dir='ltr'><strong>sat</strong></span> <span class='ocrx_word' id='word_1_217' title='bbox 2425 3001 2621 3095; x_wconf 78' lang='lat' dir='ltr'><strong>gravis</strong></span> <span class='ocrx_word' id='word_1_218' title='bbox 2656 2994 2657 3009; x_wconf 49' lang='lat'>¹</span> 
     </span>
    </p>
   </div>
   <div class='ocr_carea' id='block_1_4' title="bbox 371 3115 702 3209">
    <p class='ocr_par' dir='ltr' id='par_1_6' title="bbox 371 3115 702 3209">
     <span class='ocr_line' id='line_1_25' title="bbox 371 3115 702 3209; baseline 0 -24"><span class='ocrx_word' id='word_1_219' title='bbox 371 3115 476 3209; x_wconf 70' lang='lat' dir='ltr'><strong>(g.</strong></span> <span class='ocrx_word' id='word_1_220' title='bbox 514 3118 702 3207; x_wconf 82' lang='lat'><strong>370).</strong></span> 
     </span>
    </p>
   </div>
   <div class='ocr_carea' id='block_1_5' title="bbox 242 3212 2655 3867">
    <p class='ocr_par' dir='ltr' id='par_1_7' title="bbox 242 3212 2655 3867">
     <span class='ocr_line' id='line_1_26' title="bbox 242 3212 2655 3319; baseline -0.002 -21"><span class='ocrx_word' id='word_1_221' title='bbox 242 3265 347 3314; x_wconf 80' lang='lat'><strong>168</strong></span> <span class='ocrx_word' id='word_1_222' title='bbox 541 3230 765 3298; x_wconf 87' lang='lat' dir='ltr'><strong>Dualis</strong></span> <span class='ocrx_word' id='word_1_223' title='bbox 808 3242 1058 3312; x_wconf 91' lang='lat' dir='ltr'><strong>autem,</strong></span> <span class='ocrx_word' id='word_1_224' title='bbox 1115 3228 1224 3318; x_wconf 90' lang='lat' dir='ltr'><strong>qui</strong></span> <span class='ocrx_word' id='word_1_225' title='bbox 1262 3228 1330 3294; x_wconf 90' lang='lat' dir='ltr'><strong>in</strong></span> <span class='ocrx_word' id='word_1_226' title='bbox 1376 3231 1574 3297; x_wconf 80' lang='lat' dir='ltr'><strong>verbo</strong></span> <span class='ocrx_word' id='word_1_227' title='bbox 1619 3241 1685 3297; x_wconf 93' lang='lat' dir='ltr'><strong>et</strong></span> <span class='ocrx_word' id='word_1_228' title='bbox 1724 3212 2269 3319; x_wconf 73' lang='lat' dir='ltr'><strong>pronominehoc</strong></span> <span class='ocrx_word' id='word_1_229' title='bbox 2307 3231 2460 3300; x_wconf 86' lang='lat' dir='ltr'><strong>satis</strong></span> <span class='ocrx_word' id='word_1_230' title='bbox 2492 3246 2615 3295; x_wconf 84' lang='lat' dir='ltr'><strong>sero</strong></span> <span class='ocrx_word' id='word_1_231' title='bbox 2654 3308 2655 3311; x_wconf 8' lang='grc' dir='ltr'><strong>Ἴ</strong></span> 
     </span>
     <span class='ocr_line' id='line_1_27' title="bbox 373 3336 2655 3433; baseline -0.003 -22"><span class='ocrx_word' id='word_1_232' title='bbox 373 3367 495 3413; x_wconf 90' lang='lat' dir='ltr'><strong>nec</strong></span> <span class='ocrx_word' id='word_1_233' title='bbox 533 3345 653 3412; x_wconf 89' lang='lat' dir='ltr'><strong>nisi</strong></span> <span class='ocrx_word' id='word_1_234' title='bbox 706 3344 916 3412; x_wconf 88' lang='lat' dir='ltr'><strong>cultae</strong></span> <span class='ocrx_word' id='word_1_235' title='bbox 978 3345 1274 3412; x_wconf 89' lang='lat' dir='ltr'><strong>arabicae</strong></span> <span class='ocrx_word' id='word_1_236' title='bbox 1329 3343 1588 3431; x_wconf 85' lang='lat' dir='ltr'><strong>linguae</strong></span> <span class='ocrx_word' id='word_1_237' title='bbox 1639 3345 1930 3433; x_wconf 87' lang='lat' dir='ltr'><strong>proprius</strong></span> <span class='ocrx_word' id='word_1_238' title='bbox 1974 3357 2152 3412; x_wconf 86' lang='lat' dir='ltr'><strong>ortus</strong></span> <span class='ocrx_word' id='word_1_239' title='bbox 2199 3356 2333 3425; x_wconf 77' lang='lat' dir='ltr'><strong>est,</strong></span> <span class='ocrx_word' id='word_1_240' title='bbox 2388 3348 2428 3411; x_wconf 71' lang='lat' dir='ltr'><strong>a</strong></span> <span class='ocrx_word' id='word_1_241' title='bbox 2467 3352 2613 3432; x_wconf 80' lang='lat' dir='ltr'><strong>post·</strong></span> <span class='ocrx_word' id='word_1_242' title='bbox 2654 3336 2655 3363; x_wconf 64' lang='lat'>¹</span> 
     </span>
     <span class='ocr_line' id='line_1_28' title="bbox 371 3450 2615 3548; baseline -0.003 -23"><span class='ocrx_word' id='word_1_243' title='bbox 371 3459 550 3548; x_wconf 88' lang='lat' dir='ltr'><strong>ponit</strong></span> <span class='ocrx_word' id='word_1_244' title='bbox 583 3481 662 3524; x_wconf 82' lang='lat' dir='ltr'><strong>ex</strong></span> <span class='ocrx_word' id='word_1_245' title='bbox 688 3460 848 3537; x_wconf 71' lang='lat' dir='ltr'><strong>una,</strong></span> <span class='ocrx_word' id='word_1_246' title='bbox 903 3480 1070 3546; x_wconf 89' lang='lat' dir='ltr'><strong>quae</strong></span> <span class='ocrx_word' id='word_1_247' title='bbox 1102 3455 1286 3524; x_wconf 87' lang='lat' dir='ltr'><strong>adest</strong></span> <span class='ocrx_word' id='word_1_248' title='bbox 1326 3454 1429 3547; x_wconf 54' lang='grc' dir='ltr'><strong>(ὃ.</strong></span> <span class='ocrx_word' id='word_1_249' title='bbox 1453 3454 1655 3543; x_wconf 85' lang='grc'>334),</span> <span class='ocrx_word' id='word_1_250' title='bbox 1700 3453 1899 3522; x_wconf 88' lang='lat' dir='ltr'><strong>dualis</strong></span> <span class='ocrx_word' id='word_1_251' title='bbox 1929 3454 2372 3525; x_wconf 84' lang='lat' dir='ltr'><strong>terminatione</strong></span> <span class='ocrx_word' id='word_1_252' title='bbox 2413 3454 2531 3524; x_wconf 70' lang='lat' dir='ltr'><strong>dni</strong></span> <span class='ocrx_word' id='word_1_253' title='bbox 2553 3450 2615 3535; x_wconf 78' lang='lat'><strong>²)</strong></span> 
     </span>
     <span class='ocr_line' id='line_1_29' title="bbox 373 3552 2653 3659; baseline -0.004 -20"><span class='ocrx_word' id='word_1_254' title='bbox 373 3571 684 3640; x_wconf 83' lang='lat' dir='ltr'><strong>desumta.</strong></span> <span class='ocrx_word' id='word_1_255' title='bbox 763 3571 870 3638; x_wconf 88' lang='lat' dir='ltr'><strong>Ea</strong></span> <span class='ocrx_word' id='word_1_256' title='bbox 900 3571 965 3635; x_wconf 90' lang='lat' dir='ltr'><strong>in</strong></span> <span class='ocrx_word' id='word_1_257' title='bbox 997 3571 1371 3659; x_wconf 88' lang='lat' dir='ltr'><strong>pronomine</strong></span> <span class='ocrx_word' id='word_1_258' title='bbox 1408 3568 1695 3635; x_wconf 71' lang='lat' dir='ltr'><strong>facillima</strong></span> <span class='ocrx_word' id='word_1_259' title='bbox 1729 3567 2107 3635; x_wconf 88' lang='lat' dir='ltr'><strong>formatione</strong></span> <span class='ocrx_word' id='word_1_260' title='bbox 2143 3570 2367 3659; x_wconf 84' lang='lat' dir='ltr'><strong>plurali</strong></span> <span class='ocrx_word' id='word_1_261' title='bbox 2393 3568 2615 3659; x_wconf 79' lang='lat' dir='ltr'><strong>adjecta</strong></span> <span class='ocrx_word' id='word_1_262' title='bbox 2652 3552 2653 3619; x_wconf 56' lang='lat'>3</span> 
     </span>
     <span class='ocr_line' id='line_1_30' title="bbox 370 3662 2653 3775; baseline -0.004 -22"><span class='ocrx_word' id='word_1_263' title='bbox 370 3696 501 3766; x_wconf 88' lang='lat' dir='ltr'><strong>est,</strong></span> <span class='ocrx_word' id='word_1_264' title='bbox 545 3696 611 3751; x_wconf 90' lang='lat' dir='ltr'><strong>et</strong></span> <span class='ocrx_word' id='word_1_265' title='bbox 642 3705 789 3751; x_wconf 90' lang='lat' dir='ltr'><strong>cum</strong></span> <span class='ocrx_word' id='word_1_266' title='bbox 821 3682 988 3750; x_wconf 88' lang='lat' dir='ltr'><strong>nullo</strong></span> <span class='ocrx_word' id='word_1_267' title='bbox 1013 3683 1095 3751; x_wconf 87' lang='lat' dir='ltr'><strong>sit</strong></span> <span class='ocrx_word' id='word_1_268' title='bbox 1131 3683 1388 3771; x_wconf 88' lang='lat' dir='ltr'><strong>generis</strong></span> <span class='ocrx_word' id='word_1_269' title='bbox 1423 3662 1818 3765; x_wconf 84' lang='lat' dir='ltr'><strong>discrimine,</strong></span> <span class='ocrx_word' id='word_1_270' title='bbox 1868 3684 2114 3752; x_wconf 85' lang='lat' dir='ltr'><strong>formae</strong></span> <span class='ocrx_word' id='word_1_271' title='bbox 2150 3684 2286 3775; x_wconf 86' lang='lat' dir='ltr'><strong>ejus</strong></span> <span class='ocrx_word' id='word_1_272' title='bbox 2320 3684 2613 3775; x_wconf 83' lang='lat' dir='ltr'><strong>proximae</strong></span> <span class='ocrx_word' id='word_1_273' title='bbox 2652 3696 2653 3711; x_wconf 63' lang='lat'>¹</span> 
     </span>
     <span class='ocr_line' id='line_1_31' title="bbox 369 3820 684 3867; baseline -0.013 0"><span class='ocrx_word' id='word_1_274' title='bbox 369 3821 486 3867; x_wconf 88' lang='lat' dir='ltr'><strong>seu</strong></span> <span class='ocrx_word' id='word_1_275' title='bbox 529 3820 684 3864; x_wconf 90' lang='lat' dir='ltr'><strong>msc.</strong></span> 
     </span>
    </p>
   </div>
   <div class='ocr_carea' id='block_1_6' title="bbox 474 3979 2649 4241">
    <p class='ocr_par' dir='ltr' id='par_1_8' title="bbox 474 3979 2649 4241">
     <span class='ocr_line' id='line_1_32' title="bbox 477 3979 2607 4060; baseline -0.005 -17"><span class='ocrx_word' id='word_1_276' title='bbox 477 3996 535 4058; x_wconf 88' lang='lat'><strong>1)</strong></span> <span class='ocrx_word' id='word_1_277' title='bbox 573 3990 640 4043; x_wconf 78' lang='lat' dir='ltr'><strong>cf.</strong></span> <span class='ocrx_word' id='word_1_278' title='bbox 677 3989 841 4043; x_wconf 82' lang='lat' dir='ltr'><strong>chald.</strong></span> <span class='ocrx_word' id='word_1_279' title='bbox 877 3979 1041 4054; x_wconf 65' lang='grc' dir='ltr'>ῘἾΒΠ,</span> <span class='ocrx_word' id='word_1_280' title='bbox 1078 3994 1133 4040; x_wconf 85' lang='lat' dir='ltr'><strong>et</strong></span> <span class='ocrx_word' id='word_1_281' title='bbox 1167 3989 1314 4055; x_wconf 85' lang='lat' dir='ltr'><strong>impr.</strong></span> <span class='ocrx_word' id='word_1_282' title='bbox 1353 3985 1488 4039; x_wconf 77' lang='lat' dir='ltr'><strong>neth.</strong></span> <span class='ocrx_word' id='word_1_283' title='bbox 1526 3989 1899 4045; x_wconf 57' lang='lat' dir='ltr'><strong>autenm-lib.</strong></span> <span class='ocrx_word' id='word_1_284' title='bbox 1937 3989 2003 4041; x_wconf 92' lang='lat' dir='ltr'><strong>de</strong></span> <span class='ocrx_word' id='word_1_285' title='bbox 2038 3994 2216 4045; x_wconf 77' lang='lat' dir='ltr'><strong>metris</strong></span> <span class='ocrx_word' id='word_1_286' title='bbox 2252 4007 2327 4045; x_wconf 79' lang='lat' dir='ltr'><strong>ar.</strong></span> <span class='ocrx_word' id='word_1_287' title='bbox 2364 4009 2413 4060; x_wconf 80' lang='lat' dir='ltr'><strong>p.</strong></span> <span class='ocrx_word' id='word_1_288' title='bbox 2434 3992 2509 4041; x_wconf 91' lang='lat'><strong>11.</strong></span> <span class='ocrx_word' id='word_1_289' title='bbox 2538 3985 2607 4036; x_wconf 78' lang='lat'><strong>12.</strong></span> 
     </span>
     <span class='ocr_line' id='line_1_33' title="bbox 474 4074 2649 4150; baseline -0.001 -17"><span class='ocrx_word' id='word_1_290' title='bbox 474 4080 540 4148; x_wconf 72' lang='lat'><strong>2)</strong></span> <span class='ocrx_word' id='word_1_291' title='bbox 575 4080 761 4132; x_wconf 76' lang='lat' dir='ltr'><strong>mansit</strong></span> <span class='ocrx_word' id='word_1_292' title='bbox 805 4081 973 4132; x_wconf 83' lang='lat' dir='ltr'><strong>solum</strong></span> <span class='ocrx_word' id='word_1_293' title='bbox 1028 4086 1059 4133; x_wconf 74' lang='lat' dir='ltr'><strong>a</strong></span> <span class='ocrx_word' id='word_1_294' title='bbox 1110 4081 1302 4135; x_wconf 82' lang='lat' dir='ltr'><strong>omisso</strong></span> <span class='ocrx_word' id='word_1_295' title='bbox 1352 4094 1478 4131; x_wconf 87' lang='lat' dir='ltr'><strong>sono</strong></span> <span class='ocrx_word' id='word_1_296' title='bbox 1528 4079 1717 4143; x_wconf 79' lang='lat' dir='ltr'><strong>nasali,</strong></span> <span class='ocrx_word' id='word_1_297' title='bbox 1774 4082 1896 4145; x_wconf 85' lang='lat' dir='ltr'><strong>quia</strong></span> <span class='ocrx_word' id='word_1_298' title='bbox 1947 4080 1999 4133; x_wconf 90' lang='lat' dir='ltr'><strong>in</strong></span> <span class='ocrx_word' id='word_1_299' title='bbox 2049 4082 2210 4134; x_wconf 79' lang='lat' dir='ltr'><strong>verbo</strong></span> <span class='ocrx_word' id='word_1_300' title='bbox 2258 4089 2313 4134; x_wconf 86' lang='lat' dir='ltr'><strong>et</strong></span> <span class='ocrx_word' id='word_1_301' title='bbox 2345 4074 2609 4150; x_wconf 60' lang='lat' dir='ltr'><strong>pronomine</strong></span> <span class='ocrx_word' id='word_1_302' title='bbox 2646 4084 2649 4139; x_wconf 40' lang='lat'><strong>1&#39;</strong></span> 
     </span>
     <span class='ocr_line' id='line_1_34' title="bbox 581 4168 2649 4241; baseline -0.001 -18"><span class='ocrx_word' id='word_1_303' title='bbox 581 4171 722 4223; x_wconf 79' lang='lat' dir='ltr'><strong>nulla</strong></span> <span class='ocrx_word' id='word_1_304' title='bbox 756 4177 837 4222; x_wconf 77' lang='lat' dir='ltr'><strong>est</strong></span> <span class='ocrx_word' id='word_1_305' title='bbox 871 4169 1070 4225; x_wconf 76' lang='lat' dir='ltr'><strong>formae</strong></span> <span class='ocrx_word' id='word_1_306' title='bbox 1111 4173 1223 4225; x_wconf 77' lang='lat' dir='ltr'><strong>sive</strong></span> <span class='ocrx_word' id='word_1_307' title='bbox 1260 4171 1522 4224; x_wconf 78' lang='lat' dir='ltr'><strong>solitariae</strong></span> <span class='ocrx_word' id='word_1_308' title='bbox 1555 4169 1664 4223; x_wconf 80' lang='lat' dir='ltr'><strong>sive</strong></span> <span class='ocrx_word' id='word_1_309' title='bbox 1699 4185 1928 4223; x_wconf 79' lang='lat' dir='ltr'><strong>annexae</strong></span> <span class='ocrx_word' id='word_1_310' title='bbox 1963 4172 2222 4241; x_wconf 82' lang='lat' dir='ltr'><strong>oppositio</strong></span> <span class='ocrx_word' id='word_1_311' title='bbox 2259 4172 2421 4239; x_wconf 77' lang='lat' dir='ltr'><strong>qualis</strong></span> <span class='ocrx_word' id='word_1_312' title='bbox 2451 4168 2498 4220; x_wconf 80' lang='lat' dir='ltr'><strong>in</strong></span> <span class='ocrx_word' id='word_1_313' title='bbox 2527 4176 2605 4216; x_wconf 70' lang='grc' dir='ltr'><strong>ω·</strong></span> <span class='ocrx_word' id='word_1_314' title='bbox 2648 4172 2649 4175; x_wconf 75' lang='grc'>’</span> 
     </span>
    </p>
   </div>
   <div class='ocr_carea' id='block_1_7' title="bbox 582 4265 951 4329">
    <p class='ocr_par' dir='ltr' id='par_1_9' title="bbox 582 4265 951 4329">
     <span class='ocr_line' id='line_1_35' title="bbox 582 4265 951 4329; baseline -0.005 -12"><span class='ocrx_word' id='word_1_315' title='bbox 582 4265 717 4317; x_wconf 78' lang='lat' dir='ltr'><strong>mine</strong></span> <span class='ocrx_word' id='word_1_316' title='bbox 751 4266 800 4329; x_wconf 73' lang='lat' dir='ltr'><strong>s.</strong></span> <span class='ocrx_word' id='word_1_317' title='bbox 827 4267 951 4316; x_wconf 75' lang='lat'><strong>335.</strong></span> 
     </span>
    </p>
   </div>
   <div class='ocr_carea' id='block_1_8' title="bbox 2647 3654 2654 4392">
    <p class='ocr_par' dir='ltr' id='par_1_10' title="bbox 2647 3654 2654 4392">
     <span class='ocr_line' id='line_1_36' title="bbox 2647 3654 2654 4392; baseline 0 0"><span class='ocrx_word' id='word_1_318' title='bbox 2647 3654 2654 4392; x_wconf 95' lang='lat' dir='ltr'><strong> </strong></span> 
     </span>
    </p>
   </div>
   <div class='ocr_carea' id='block_1_9' title="bbox 1301 4364 1739 4381">
    <p class='ocr_par' dir='ltr' id='par_1_11' title="bbox 1301 4364 1739 4381">
     <span class='ocr_line' id='line_1_37' title="bbox 1301 4364 1739 4381; baseline 0 311"><span class='ocrx_word' id='word_1_319' title='bbox 1301 4364 1739 4381; x_wconf 95' lang='lat' dir='ltr'><strong> </strong></span> 
     </span>
    </p>
   </div>
  </div>
 </body>
</html>
