<?xml version="1.0" encoding="UTF-8"?>
<!DOCTYPE html PUBLIC "-//W3C//DTD XHTML 1.0 Transitional//EN"
    "http://www.w3.org/TR/xhtml1/DTD/xhtml1-transitional.dtd">
<html xmlns="http://www.w3.org/1999/xhtml" xml:lang="en" lang="en">
 <head>
  <title>
</title>
<meta http-equiv="Content-Type" content="text/html;charset=utf-8" />
  <meta name='ocr-system' content='tesseract 3.04.00' />
  <meta name='ocr-capabilities' content='ocr_page ocr_carea ocr_par ocr_line ocrx_word'/>
</head>
<body>
  <div class='ocr_page' id='page_1' title='image "./geohenriciaugew00ewalgoog_0282.png"; bbox 0 0 2675 4692; ppageno 0'>
   <div class='ocr_carea' id='block_1_1' title="bbox 287 293 1939 411">
    <p class='ocr_par' dir='ltr' id='par_1_1' title="bbox 287 293 1939 411">
     <span class='ocr_line' id='line_1_1' title="bbox 287 293 1939 411; baseline -0.008 -41"><span class='ocrx_word' id='word_1_1' title='bbox 287 302 440 381; x_wconf 80' lang='lat'><strong>264</strong></span> <span class='ocrx_word' id='word_1_2' title='bbox 929 294 1242 365; x_wconf 82' lang='lat' dir='ltr'>Radices</span> <span class='ocrx_word' id='word_1_3' title='bbox 1298 293 1597 364; x_wconf 84' lang='lat' dir='ltr'><strong>ultimae</strong></span> <span class='ocrx_word' id='word_1_4' title='bbox 1641 339 1680 391; x_wconf 71' lang='lat'><em>9</em></span> <span class='ocrx_word' id='word_1_5' title='bbox 1731 300 1805 359; x_wconf 90' lang='lat' dir='ltr'><strong>et</strong></span> <span class='ocrx_word' id='word_1_6' title='bbox 1858 353 1939 411; x_wconf 63' lang='lat'><strong>4⁵</strong></span> 
     </span>
    </p>
   </div>
   <div class='ocr_carea' id='block_1_2' title="bbox 285 495 2589 1075">
    <p class='ocr_par' dir='ltr' id='par_1_2' title="bbox 285 495 2589 1075">
     <span class='ocr_line' id='line_1_2' title="bbox 289 495 2582 662; baseline -0.008 -33"><span class='ocrx_word' id='word_1_7' title='bbox 289 574 356 630; x_wconf 93' lang='lat' dir='ltr'><strong>et</strong></span> <span class='ocrx_word' id='word_1_8' title='bbox 383 500 518 662; x_wconf 39' lang='lat' dir='ltr'><strong>93ae³1</strong></span> <span class='ocrx_word' id='word_1_9' title='bbox 557 558 694 624; x_wconf 91' lang='lat' dir='ltr'><strong>coll.</strong></span> <span class='ocrx_word' id='word_1_10' title='bbox 747 578 788 621; x_wconf 91' lang='lat' dir='ltr'><strong>e</strong></span> <span class='ocrx_word' id='word_1_11' title='bbox 821 498 941 641; x_wconf 44' lang='grc' dir='ltr'><strong><em>,Εἴ-ν</em></strong></span> <span class='ocrx_word' id='word_1_12' title='bbox 984 572 1285 639; x_wconf 72' lang='lat' dir='ltr'><strong>murus,-</strong></span> <span class='ocrx_word' id='word_1_13' title='bbox 1363 495 1515 660; x_wconf 43' lang='lat'><strong>3⁸7}</strong></span> <span class='ocrx_word' id='word_1_14' title='bbox 1572 576 1635 625; x_wconf 82' lang='lat' dir='ltr'><strong>et</strong></span> <span class='ocrx_word' id='word_1_15' title='bbox 1699 498 1849 661; x_wconf 44' lang='lat'><strong>3⁸21?</strong></span> <span class='ocrx_word' id='word_1_16' title='bbox 1895 558 2035 626; x_wconf 88' lang='lat' dir='ltr'><strong>coll.</strong></span> <span class='ocrx_word' id='word_1_17' title='bbox 2080 581 2161 627; x_wconf 81' lang='lat' dir='ltr'><strong>ex</strong></span> <span class='ocrx_word' id='word_1_18' title='bbox 2196 497 2387 661; x_wconf 49' lang='lat' dir='ltr'><strong>3⁸33ss</strong></span> <span class='ocrx_word' id='word_1_19' title='bbox 2422 556 2582 622; x_wconf 74' lang='lat' dir='ltr'><strong>loa..</strong></span> 
     </span>
     <span class='ocr_line' id='line_1_3' title="bbox 285 702 2583 865; baseline -0.002 -33"><span class='ocrx_word' id='word_1_20' title='bbox 285 791 465 857; x_wconf 78' lang='lat' dir='ltr'><strong>gus3</strong></span> <span class='ocrx_word' id='word_1_21' title='bbox 526 765 592 831; x_wconf 89' lang='lat' dir='ltr'><strong>in</strong></span> <span class='ocrx_word' id='word_1_22' title='bbox 633 702 775 865; x_wconf 45' lang='lat' dir='ltr'><strong>{ly}</strong></span> <span class='ocrx_word' id='word_1_23' title='bbox 817 765 1156 855; x_wconf 78' lang='lat' dir='ltr'><strong>oppositio</strong></span> <span class='ocrx_word' id='word_1_24' title='bbox 1183 798 1228 845; x_wconf 62' lang='grc' dir='ltr'><strong>,ρ</strong></span> <span class='ocrx_word' id='word_1_25' title='bbox 1273 763 1504 831; x_wconf 86' lang='lat' dir='ltr'><strong>mansit</strong></span> <span class='ocrx_word' id='word_1_26' title='bbox 1548 787 1627 829; x_wconf 82' lang='lat' dir='ltr'><strong>ex</strong></span> <span class='ocrx_word' id='word_1_27' title='bbox 1668 764 1786 831; x_wconf 90' lang='lat'><em>111.</em></span> <span class='ocrx_word' id='word_1_28' title='bbox 1822 777 1899 833; x_wconf 85' lang='lat' dir='ltr'><strong>st.</strong></span> <span class='ocrx_word' id='word_1_29' title='bbox 1945 704 2117 865; x_wconf 47' lang='lat' dir='ltr'><strong>gli,</strong></span> <span class='ocrx_word' id='word_1_30' title='bbox 2172 764 2495 830; x_wconf 83' lang='lat' dir='ltr'><strong>diversum</strong></span> <span class='ocrx_word' id='word_1_31' title='bbox 2540 784 2583 828; x_wconf 80' lang='lat' dir='ltr'><strong>a</strong></span> 
     </span>
     <span class='ocr_line' id='line_1_4' title="bbox 291 910 2589 1075; baseline -0.003 -33"><span class='ocrx_word' id='word_1_32' title='bbox 291 910 425 1075; x_wconf 40' lang='lat' dir='ltr'><strong>{lg}</strong></span> <span class='ocrx_word' id='word_1_33' title='bbox 476 973 712 1038; x_wconf 78' lang='lat' dir='ltr'><strong>statio,</strong></span> <span class='ocrx_word' id='word_1_34' title='bbox 803 979 861 1043; x_wconf 69' lang='grc' dir='ltr'><strong>εξ</strong></span> <span class='ocrx_word' id='word_1_35' title='bbox 904 980 1118 1038; x_wconf 88' lang='lat' dir='ltr'><strong>autem</strong></span> <span class='ocrx_word' id='word_1_36' title='bbox 1161 968 1443 1037; x_wconf 83' lang='lat' dir='ltr'><strong>radicale</strong></span> <span class='ocrx_word' id='word_1_37' title='bbox 1480 971 1761 1040; x_wconf 81' lang='lat' dir='ltr'><strong>vocalem</strong></span> <span class='ocrx_word' id='word_1_38' title='bbox 1797 993 1834 1040; x_wconf 70' lang='lat' dir='ltr'><strong>iz</strong></span> <span class='ocrx_word' id='word_1_39' title='bbox 1871 972 2369 1062; x_wconf 78' lang='lat' dir='ltr'><strong>praecedentem</strong></span> <span class='ocrx_word' id='word_1_40' title='bbox 2413 973 2589 1036; x_wconf 83' lang='lat' dir='ltr'><strong>bene</strong></span> 
     </span>
    </p>
   </div>
   <div class='ocr_carea' id='block_1_3' title="bbox 297 1099 2586 1261">
    <p class='ocr_par' dir='ltr' id='par_1_3' title="bbox 297 1099 2586 1261">
     <span class='ocr_line' id='line_1_5' title="bbox 2131 1099 2305 1135; baseline -0.011 0"><span class='ocrx_word' id='word_1_41' title='bbox 2131 1099 2167 1135; x_wconf 71' lang='grc'><strong><em>9</em></strong></span> <span class='ocrx_word' id='word_1_42' title='bbox 2228 1100 2305 1135; x_wconf 71' lang='lat'><strong>³³</strong></span> 
     </span>
     <span class='ocr_line' id='line_1_6' title="bbox 297 1150 2586 1261; baseline -0.002 -32"><span class='ocrx_word' id='word_1_43' title='bbox 297 1164 451 1246; x_wconf 80' lang='lat' dir='ltr'><strong>fert3</strong></span> <span class='ocrx_word' id='word_1_44' title='bbox 507 1172 581 1232; x_wconf 93' lang='lat' dir='ltr'><strong>ut</strong></span> <span class='ocrx_word' id='word_1_45' title='bbox 621 1173 839 1231; x_wconf 87' lang='lat' dir='ltr'><strong>tamen</strong></span> <span class='ocrx_word' id='word_1_46' title='bbox 882 1182 1334 1248; x_wconf 87' lang='lat' dir='ltr'><strong>nonnunquam</strong></span> <span class='ocrx_word' id='word_1_47' title='bbox 1379 1159 1442 1225; x_wconf 88' lang='lat' dir='ltr'><strong>in</strong></span> <span class='ocrx_word' id='word_1_48' title='bbox 1478 1179 1505 1229; x_wconf 77' lang='lat' dir='ltr'><strong>r</strong></span> <span class='ocrx_word' id='word_1_49' title='bbox 1539 1170 1857 1242; x_wconf 87' lang='lat' dir='ltr'><strong>transeat,</strong></span> <span class='ocrx_word' id='word_1_50' title='bbox 1901 1160 2074 1229; x_wconf 85' lang='lat' dir='ltr'><strong>velut</strong></span> <span class='ocrx_word' id='word_1_51' title='bbox 2116 1150 2299 1261; x_wconf 52' lang='grc' dir='ltr'><strong>ἐρςὶἷξ</strong></span> <span class='ocrx_word' id='word_1_52' title='bbox 2358 1181 2586 1224; x_wconf 73' lang='lat' dir='ltr'><strong>senes.</strong></span> 
     </span>
    </p>
   </div>
   <div class='ocr_carea' id='block_1_4' title="bbox 629 1456 1799 1537">
    <p class='ocr_par' dir='ltr' id='par_1_4' title="bbox 629 1456 1799 1537">
     <span class='ocr_line' id='line_1_7' title="bbox 629 1456 1799 1537; baseline -0.009 -13"><span class='ocrx_word' id='word_1_53' title='bbox 629 1457 691 1524; x_wconf 81' lang='grc'><strong>3.</strong></span> <span class='ocrx_word' id='word_1_54' title='bbox 747 1456 1058 1523; x_wconf 75' lang='lat' dir='ltr'><strong>Radices</strong></span> <span class='ocrx_word' id='word_1_55' title='bbox 1100 1457 1397 1523; x_wconf 76' lang='lat' dir='ltr'><strong>ultimae</strong></span> <span class='ocrx_word' id='word_1_56' title='bbox 1420 1491 1465 1537; x_wconf 55' lang='grc' dir='ltr'><strong>,ρ</strong></span> <span class='ocrx_word' id='word_1_57' title='bbox 1509 1466 1578 1521; x_wconf 77' lang='lat' dir='ltr'><strong>et</strong></span> <span class='ocrx_word' id='word_1_58' title='bbox 1624 1467 1722 1531; x_wconf 58' lang='grc' dir='ltr'><strong>εξ.</strong></span> <span class='ocrx_word' id='word_1_59' title='bbox 1796 1494 1799 1495; x_wconf 27' lang='lat'><em>⁷</em></span> 
     </span>
    </p>
   </div>
   <div class='ocr_carea' id='block_1_5' title="bbox 156 1597 2621 4428">
    <p class='ocr_par' dir='ltr' id='par_1_5' title="bbox 156 1597 2621 4428">
     <span class='ocr_line' id='line_1_8' title="bbox 156 1597 2589 1686; baseline -0.003 -13"><span class='ocrx_word' id='word_1_60' title='bbox 156 1626 262 1673; x_wconf 75' lang='lat'><strong>393</strong></span> <span class='ocrx_word' id='word_1_61' title='bbox 468 1600 525 1667; x_wconf 91' lang='lat'><strong>1.</strong></span> <span class='ocrx_word' id='word_1_62' title='bbox 585 1598 871 1667; x_wconf 83' lang='lat' dir='ltr'><strong>Radices</strong></span> <span class='ocrx_word' id='word_1_63' title='bbox 929 1599 1187 1667; x_wconf 88' lang='lat' dir='ltr'><strong>ultimae</strong></span> <span class='ocrx_word' id='word_1_64' title='bbox 1233 1625 1272 1677; x_wconf 71' lang='lat'><em>9</em></span> <span class='ocrx_word' id='word_1_65' title='bbox 1327 1609 1397 1665; x_wconf 90' lang='lat' dir='ltr'><strong>et</strong></span> <span class='ocrx_word' id='word_1_66' title='bbox 1460 1608 1518 1671; x_wconf 67' lang='grc' dir='ltr'><strong>«ἕ</strong></span> <span class='ocrx_word' id='word_1_67' title='bbox 1575 1597 1864 1686; x_wconf 86' lang='lat' dir='ltr'><strong>primitus</strong></span> <span class='ocrx_word' id='word_1_68' title='bbox 1922 1597 2173 1664; x_wconf 86' lang='lat' dir='ltr'><strong>vocales</strong></span> <span class='ocrx_word' id='word_1_69' title='bbox 2221 1621 2268 1661; x_wconf 80' lang='lat' dir='ltr'><strong>u</strong></span> <span class='ocrx_word' id='word_1_70' title='bbox 2311 1608 2378 1664; x_wconf 88' lang='lat' dir='ltr'><strong>et</strong></span> <span class='ocrx_word' id='word_1_71' title='bbox 2426 1598 2456 1662; x_wconf 81' lang='lat' dir='ltr'><strong><em>i</em></strong></span> <span class='ocrx_word' id='word_1_72' title='bbox 2515 1599 2589 1665; x_wconf 89' lang='lat' dir='ltr'><strong>in</strong></span> 
     </span>
     <span class='ocr_line' id='line_1_9' title="bbox 178 1710 2591 1785; baseline -0.003 0"><span class='ocrx_word' id='word_1_73' title='bbox 178 1732 187 1738; x_wconf 88' lang='grc'><em>“</em></span> <span class='ocrx_word' id='word_1_74' title='bbox 295 1715 424 1785; x_wconf 88' lang='lat' dir='ltr'><strong>fine</strong></span> <span class='ocrx_word' id='word_1_75' title='bbox 475 1713 777 1783; x_wconf 87' lang='lat' dir='ltr'><strong>habuisse</strong></span> <span class='ocrx_word' id='word_1_76' title='bbox 820 1735 973 1779; x_wconf 81' lang='lat' dir='ltr'><strong>vero</strong></span> <span class='ocrx_word' id='word_1_77' title='bbox 1017 1724 1117 1780; x_wconf 90' lang='lat' dir='ltr'><strong>est</strong></span> <span class='ocrx_word' id='word_1_78' title='bbox 1156 1712 1551 1779; x_wconf 87' lang='lat' dir='ltr'><strong>simillimum.</strong></span> <span class='ocrx_word' id='word_1_79' title='bbox 1654 1710 1791 1779; x_wconf 87' lang='lat' dir='ltr'><strong>Sed</strong></span> <span class='ocrx_word' id='word_1_80' title='bbox 1836 1711 2229 1780; x_wconf 82' lang='lat' dir='ltr'>formationis</span> <span class='ocrx_word' id='word_1_81' title='bbox 2271 1711 2591 1780; x_wconf 81' lang='lat' dir='ltr'><strong>triliterae</strong></span> 
     </span>
     <span class='ocr_line' id='line_1_10' title="bbox 300 1822 2596 1916; baseline -0 -21"><span class='ocrx_word' id='word_1_82' title='bbox 300 1830 654 1898; x_wconf 75' lang='lat' dir='ltr'><strong>constantia</strong></span> <span class='ocrx_word' id='word_1_83' title='bbox 714 1830 1056 1916; x_wconf 80' lang='lat' dir='ltr'><strong>ingruente</strong></span> <span class='ocrx_word' id='word_1_84' title='bbox 1110 1825 1422 1893; x_wconf 81' lang='lat' dir='ltr'><strong>vocalium</strong></span> <span class='ocrx_word' id='word_1_85' title='bbox 1489 1825 1597 1909; x_wconf 77' lang='lat' dir='ltr'><strong>hic</strong></span> <span class='ocrx_word' id='word_1_86' title='bbox 1654 1822 1915 1892; x_wconf 53' lang='lat' dir='ltr'><strong>eadem*</strong></span> <span class='ocrx_word' id='word_1_87' title='bbox 1941 1827 2144 1893; x_wconf 75' lang='lat' dir='ltr'><strong>oritur</strong></span> <span class='ocrx_word' id='word_1_88' title='bbox 2199 1827 2475 1894; x_wconf 82' lang='lat' dir='ltr'><strong>varietas</strong></span> <span class='ocrx_word' id='word_1_89' title='bbox 2524 1838 2596 1895; x_wconf 83' lang='lat' dir='ltr'><strong>et</strong></span> 
     </span>
     <span class='ocr_line' id='line_1_11' title="bbox 297 1938 2595 2024; baseline -0 -15"><span class='ocrx_word' id='word_1_90' title='bbox 297 1943 432 2024; x_wconf 86' lang='lat' dir='ltr'><strong>lex,</strong></span> <span class='ocrx_word' id='word_1_91' title='bbox 497 1966 578 2009; x_wconf 92' lang='lat' dir='ltr'><strong>ac</strong></span> <span class='ocrx_word' id='word_1_92' title='bbox 627 1942 690 2018; x_wconf 77' lang='lat' dir='ltr'><strong>¹si</strong></span> <span class='ocrx_word' id='word_1_93' title='bbox 750 1941 938 2010; x_wconf 87' lang='lat' dir='ltr'><strong>tertia</strong></span> <span class='ocrx_word' id='word_1_94' title='bbox 992 1938 1287 2007; x_wconf 88' lang='lat' dir='ltr'><strong>radicalis</strong></span> <span class='ocrx_word' id='word_1_95' title='bbox 1333 1940 1744 2007; x_wconf 85' lang='lat' dir='ltr'><strong>consonantis</strong></span> <span class='ocrx_word' id='word_1_96' title='bbox 1796 1941 1996 2008; x_wconf 85' lang='lat' dir='ltr'><strong>instar</strong></span> <span class='ocrx_word' id='word_1_97' title='bbox 2052 1940 2305 2008; x_wconf 82' lang='lat' dir='ltr'><strong>vocales</strong></span> <span class='ocrx_word' id='word_1_98' title='bbox 2353 1941 2595 2022; x_wconf 62' lang='lat' dir='ltr'><strong>sen-ren</strong></span> 
     </span>
     <span class='ocr_line' id='line_1_12' title="bbox 299 2053 2597 2144; baseline -0.001 -21"><span class='ocrx_word' id='word_1_99' title='bbox 299 2056 403 2123; x_wconf 89' lang='lat' dir='ltr'><strong>hic</strong></span> <span class='ocrx_word' id='word_1_100' title='bbox 459 2068 637 2124; x_wconf 89' lang='lat' dir='ltr'><strong>certe</strong></span> <span class='ocrx_word' id='word_1_101' title='bbox 693 2057 953 2144; x_wconf 81' lang='lat' dir='ltr'><strong>linguae</strong></span> <span class='ocrx_word' id='word_1_102' title='bbox 1006 2054 1177 2120; x_wconf 90' lang='lat' dir='ltr'><strong>nisus</strong></span> <span class='ocrx_word' id='word_1_103' title='bbox 1244 2054 1310 2120; x_wconf 90' lang='lat' dir='ltr'><strong>in</strong></span> <span class='ocrx_word' id='word_1_104' title='bbox 1376 2053 1694 2123; x_wconf 84' lang='lat' dir='ltr'><strong>arabismo</strong></span> <span class='ocrx_word' id='word_1_105' title='bbox 1747 2054 1882 2143; x_wconf 88' lang='lat' dir='ltr'><strong>jam</strong></span> <span class='ocrx_word' id='word_1_106' title='bbox 1940 2054 2138 2121; x_wconf 86' lang='lat' dir='ltr'><strong>multo</strong></span> <span class='ocrx_word' id='word_1_107' title='bbox 2196 2065 2297 2121; x_wconf 88' lang='lat' dir='ltr'><strong>est</strong></span> <span class='ocrx_word' id='word_1_108' title='bbox 2342 2054 2597 2122; x_wconf 86' lang='lat' dir='ltr'><strong>-fortior</strong></span> 
     </span>
     <span class='ocr_line' id='line_1_13' title="bbox 294 2166 2598 2259; baseline -0 -24"><span class='ocrx_word' id='word_1_109' title='bbox 294 2194 487 2259; x_wconf 84' lang='lat' dir='ltr'><strong>quam</strong></span> <span class='ocrx_word' id='word_1_110' title='bbox 539 2171 603 2236; x_wconf 91' lang='lat' dir='ltr'><strong>in</strong></span> <span class='ocrx_word' id='word_1_111' title='bbox 648 2170 1030 2236; x_wconf 82' lang='lat' dir='ltr'><strong>hebraismo.</strong></span> <span class='ocrx_word' id='word_1_112' title='bbox 1132 2166 1268 2234; x_wconf 88' lang='lat' dir='ltr'><strong>Sed</strong></span> <span class='ocrx_word' id='word_1_113' title='bbox 1313 2190 1679 2257; x_wconf 83' lang='lat' dir='ltr'><strong>quanquam</strong></span> <span class='ocrx_word' id='word_1_114' title='bbox 1720 2169 1784 2235; x_wconf 91' lang='lat' dir='ltr'><strong>in</strong></span> <span class='ocrx_word' id='word_1_115' title='bbox 1829 2167 2139 2237; x_wconf 84' lang='lat' dir='ltr'><strong>vocalium</strong></span> <span class='ocrx_word' id='word_1_116' title='bbox 2194 2169 2598 2257; x_wconf 82' lang='lat' dir='ltr'><strong>pronuncia-</strong></span> 
     </span>
     <span class='ocr_line' id='line_1_14' title="bbox 291 2281 2595 2369; baseline -0.001 -19"><span class='ocrx_word' id='word_1_117' title='bbox 291 2285 464 2350; x_wconf 89' lang='lat' dir='ltr'><strong>tione</strong></span> <span class='ocrx_word' id='word_1_118' title='bbox 518 2282 770 2351; x_wconf 82' lang='lat' dir='ltr'><strong>radices</strong></span> <span class='ocrx_word' id='word_1_119' title='bbox 833 2282 958 2349; x_wconf 88' lang='lat' dir='ltr'><strong>hae</strong></span> <span class='ocrx_word' id='word_1_120' title='bbox 1001 2281 1087 2349; x_wconf 89' lang='lat' dir='ltr'><strong>ad</strong></span> <span class='ocrx_word' id='word_1_121' title='bbox 1132 2292 1490 2349; x_wconf 82' lang='lat' dir='ltr'><strong>ceterarum</strong></span> <span class='ocrx_word' id='word_1_122' title='bbox 1533 2295 1946 2351; x_wconf 88' lang='lat' dir='ltr'><strong>accesserunt</strong></span> <span class='ocrx_word' id='word_1_123' title='bbox 1986 2305 2270 2349; x_wconf 88' lang='lat' dir='ltr'><strong>normam</strong></span> <span class='ocrx_word' id='word_1_124' title='bbox 2297 2333 2317 2363; x_wconf 94' lang='lat'><strong>,</strong></span> <span class='ocrx_word' id='word_1_125' title='bbox 2381 2302 2595 2369; x_wconf 79' lang='lat' dir='ltr'><strong>aegre</strong></span> 
     </span>
     <span class='ocr_line' id='line_1_15' title="bbox 289 2394 2591 2488; baseline -0.001 -24"><span class='ocrx_word' id='word_1_126' title='bbox 289 2410 505 2464; x_wconf 89' lang='lat' dir='ltr'><strong>tamen</strong></span> <span class='ocrx_word' id='word_1_127' title='bbox 563 2420 688 2463; x_wconf 89' lang='lat' dir='ltr'><strong>nec</strong></span> <span class='ocrx_word' id='word_1_128' title='bbox 746 2396 862 2464; x_wconf 88' lang='lat' dir='ltr'><strong>nisi</strong></span> <span class='ocrx_word' id='word_1_129' title='bbox 899 2397 1441 2486; x_wconf 85' lang='lat' dir='ltr'><strong>pronunciationis</strong></span> <span class='ocrx_word' id='word_1_130' title='bbox 1496 2399 1555 2464; x_wconf 81' lang='lat' dir='ltr'><strong>vi</strong></span> <span class='ocrx_word' id='word_1_131' title='bbox 1585 2398 1857 2488; x_wconf 89' lang='lat' dir='ltr'><strong>jubente</strong></span> <span class='ocrx_word' id='word_1_132' title='bbox 1900 2419 2095 2465; x_wconf 91' lang='lat' dir='ltr'><strong>sonus</strong></span> <span class='ocrx_word' id='word_1_133' title='bbox 2139 2397 2369 2465; x_wconf 82' lang='lat' dir='ltr'><strong>tertiae</strong></span> <span class='ocrx_word' id='word_1_134' title='bbox 2410 2394 2591 2463; x_wconf 87' lang='lat' dir='ltr'><strong>radi-</strong></span> 
     </span>
     <span class='ocr_line' id='line_1_16' title="bbox 292 2510 2621 2601; baseline 0 -24"><span class='ocrx_word' id='word_1_135' title='bbox 292 2511 444 2578; x_wconf 88' lang='lat' dir='ltr'><strong>calis</strong></span> <span class='ocrx_word' id='word_1_136' title='bbox 494 2510 560 2577; x_wconf 91' lang='lat' dir='ltr'><strong>in</strong></span> <span class='ocrx_word' id='word_1_137' title='bbox 620 2516 1077 2579; x_wconf 85' lang='lat' dir='ltr'><strong>consonantem</strong></span> <span class='ocrx_word' id='word_1_138' title='bbox 1132 2510 1575 2578; x_wconf 83' lang='lat' dir='ltr'><strong>semivocalem</strong></span> <span class='ocrx_word' id='word_1_139' title='bbox 1635 2535 1701 2577; x_wconf 79' lang='lat' dir='ltr'><em>w</em></span> <span class='ocrx_word' id='word_1_140' title='bbox 1747 2525 1816 2582; x_wconf 92' lang='lat' dir='ltr'><strong>et</strong></span> <span class='ocrx_word' id='word_1_141' title='bbox 1838 2513 1888 2601; x_wconf 87' lang='lat' dir='ltr'><em>j</em></span> <span class='ocrx_word' id='word_1_142' title='bbox 1931 2510 2395 2579; x_wconf 84' lang='lat' dir='ltr'><strong>condensatur:</strong></span> <span class='ocrx_word' id='word_1_143' title='bbox 2459 2510 2621 2577; x_wconf 76' lang='lat' dir='ltr'><strong>hoc&#39;</strong></span> 
     </span>
     <span class='ocr_line' id='line_1_17' title="bbox 294 2624 2596 2714; baseline 0.001 -24"><span class='ocrx_word' id='word_1_144' title='bbox 294 2625 509 2714; x_wconf 85' lang='lat' dir='ltr'><strong>potius</strong></span> <span class='ocrx_word' id='word_1_145' title='bbox 551 2648 631 2691; x_wconf 86' lang='lat' dir='ltr'><strong>ex</strong></span> <span class='ocrx_word' id='word_1_146' title='bbox 675 2624 928 2712; x_wconf 82' lang='lat' dir='ltr'><strong>origine</strong></span> <span class='ocrx_word' id='word_1_147' title='bbox 979 2627 1209 2692; x_wconf 90' lang='lat' dir='ltr'><strong>mansit</strong></span> <span class='ocrx_word' id='word_1_148' title='bbox 1247 2625 1607 2712; x_wconf 84' lang='lat' dir='ltr'><strong>integrum,</strong></span> <span class='ocrx_word' id='word_1_149' title='bbox 1668 2638 1773 2705; x_wconf 85' lang='lat' dir='ltr'><strong>ut,</strong></span> <span class='ocrx_word' id='word_1_150' title='bbox 1841 2626 2210 2714; x_wconf 89' lang='lat' dir='ltr'><strong>ubicunque</strong></span> <span class='ocrx_word' id='word_1_151' title='bbox 2250 2624 2389 2691; x_wconf 84' lang='lat' dir='ltr'><strong>fieri</strong></span> <span class='ocrx_word' id='word_1_152' title='bbox 2433 2648 2596 2709; x_wconf 86' lang='lat' dir='ltr'><strong>pos-</strong></span> 
     </span>
     <span class='ocr_line' id='line_1_18' title="bbox 295 2738 2599 2829; baseline -0 -22"><span class='ocrx_word' id='word_1_153' title='bbox 295 2742 409 2820; x_wconf 88' lang='lat' dir='ltr'><strong>sit,</strong></span> <span class='ocrx_word' id='word_1_154' title='bbox 452 2762 647 2806; x_wconf 90' lang='lat' dir='ltr'><strong>sonus</strong></span> <span class='ocrx_word' id='word_1_155' title='bbox 683 2738 916 2806; x_wconf 84' lang='lat' dir='ltr'><strong>vocalis</strong></span> <span class='ocrx_word' id='word_1_156' title='bbox 955 2738 1188 2829; x_wconf 85' lang='lat' dir='ltr'><strong>longus</strong></span> <span class='ocrx_word' id='word_1_157' title='bbox 1231 2739 1457 2806; x_wconf 82' lang='lat' dir='ltr'><strong>tertiae</strong></span> <span class='ocrx_word' id='word_1_158' title='bbox 1500 2739 1793 2808; x_wconf 89' lang='lat' dir='ltr'><strong>radicalis</strong></span> <span class='ocrx_word' id='word_1_159' title='bbox 1836 2741 2049 2807; x_wconf 91' lang='lat' dir='ltr'><strong>locum</strong></span> <span class='ocrx_word' id='word_1_160' title='bbox 2078 2751 2312 2808; x_wconf 81' lang='lat' dir='ltr'><strong>teneat.</strong></span> <span class='ocrx_word' id='word_1_161' title='bbox 2398 2739 2599 2815; x_wconf 83' lang='lat' dir='ltr'><strong>Quae</strong></span> 
     </span>
     <span class='ocr_line' id='line_1_19' title="bbox 295 2852 2601 2921; baseline 0 -1"><span class='ocrx_word' id='word_1_162' title='bbox 295 2855 461 2920; x_wconf 90' lang='lat' dir='ltr'><strong>enim</strong></span> <span class='ocrx_word' id='word_1_163' title='bbox 507 2853 738 2920; x_wconf 82' lang='lat' dir='ltr'><strong>vocalis</strong></span> <span class='ocrx_word' id='word_1_164' title='bbox 785 2852 1007 2920; x_wconf 89' lang='lat' dir='ltr'><strong>debilis</strong></span> <span class='ocrx_word' id='word_1_165' title='bbox 1050 2876 1132 2919; x_wconf 82' lang='lat' dir='ltr'><strong>ex</strong></span> <span class='ocrx_word' id='word_1_166' title='bbox 1177 2852 1571 2920; x_wconf 87' lang='lat' dir='ltr'><strong>formationis</strong></span> <span class='ocrx_word' id='word_1_167' title='bbox 1623 2855 1919 2920; x_wconf 86' lang='lat' dir='ltr'><strong>arabicae</strong></span> <span class='ocrx_word' id='word_1_168' title='bbox 1962 2852 2175 2919; x_wconf 90' lang='lat' dir='ltr'><strong>indole</strong></span> <span class='ocrx_word' id='word_1_169' title='bbox 2214 2853 2278 2919; x_wconf 94' lang='lat' dir='ltr'><strong>in</strong></span> <span class='ocrx_word' id='word_1_170' title='bbox 2318 2854 2449 2919; x_wconf 85' lang='lat' dir='ltr'><strong>fine</strong></span> <span class='ocrx_word' id='word_1_171' title='bbox 2490 2865 2601 2921; x_wconf 80' lang='lat' dir='ltr'><strong>est</strong></span> 
     </span>
     <span class='ocr_line' id='line_1_20' title="bbox 295 2966 2594 3056; baseline -0 -23"><span class='ocrx_word' id='word_1_172' title='bbox 295 2968 620 3056; x_wconf 84' lang='lat' dir='ltr'><strong>stirpium,</strong></span> <span class='ocrx_word' id='word_1_173' title='bbox 706 2991 785 3034; x_wconf 90' lang='lat' dir='ltr'><strong>ea</strong></span> <span class='ocrx_word' id='word_1_174' title='bbox 853 2967 907 3034; x_wconf 87' lang='lat' dir='ltr'><strong>si</strong></span> <span class='ocrx_word' id='word_1_175' title='bbox 965 2966 1165 3033; x_wconf 81' lang='lat' dir='ltr'><strong>vocali</strong></span> <span class='ocrx_word' id='word_1_176' title='bbox 1223 2967 1609 3054; x_wconf 89' lang='lat' dir='ltr'><strong>penultimae</strong></span> <span class='ocrx_word' id='word_1_177' title='bbox 1683 2968 1861 3033; x_wconf 90' lang='lat' dir='ltr'><strong>brevi</strong></span> <span class='ocrx_word' id='word_1_178' title='bbox 1922 2966 2096 3034; x_wconf 88' lang='lat' dir='ltr'><strong>haud</strong></span> <span class='ocrx_word' id='word_1_179' title='bbox 2156 2966 2410 3034; x_wconf 86' lang='lat' dir='ltr'><strong>inimica</strong></span> <span class='ocrx_word' id='word_1_180' title='bbox 2467 2978 2594 3047; x_wconf 59' lang='grc' dir='ltr'><strong>ωε,</strong></span> 
     </span>
     <span class='ocr_line' id='line_1_21' title="bbox 292 3078 2601 3169; baseline 0.001 -23"><span class='ocrx_word' id='word_1_181' title='bbox 292 3093 439 3169; x_wconf 92' lang='lat' dir='ltr'><strong>post</strong></span> <span class='ocrx_word' id='word_1_182' title='bbox 502 3103 729 3147; x_wconf 88' lang='lat' dir='ltr'><strong>sonum</strong></span> <span class='ocrx_word' id='word_1_183' title='bbox 787 3083 1017 3148; x_wconf 88' lang='lat' dir='ltr'><strong>tertiae</strong></span> <span class='ocrx_word' id='word_1_184' title='bbox 1072 3078 1365 3148; x_wconf 88' lang='lat' dir='ltr'><strong>radicalis</strong></span> <span class='ocrx_word' id='word_1_185' title='bbox 1434 3102 1694 3169; x_wconf 88' lang='lat' dir='ltr'><strong>prorsus</strong></span> <span class='ocrx_word' id='word_1_186' title='bbox 1753 3080 1952 3169; x_wconf 81' lang='lat' dir='ltr'><strong>perit,</strong></span> <span class='ocrx_word' id='word_1_187' title='bbox 2009 3082 2099 3149; x_wconf 88' lang='lat' dir='ltr'><strong>ita</strong></span> <span class='ocrx_word' id='word_1_188' title='bbox 2157 3092 2232 3148; x_wconf 93' lang='lat' dir='ltr'><strong>ut</strong></span> <span class='ocrx_word' id='word_1_189' title='bbox 2284 3103 2413 3147; x_wconf 90' lang='lat' dir='ltr'><strong>non</strong></span> <span class='ocrx_word' id='word_1_190' title='bbox 2474 3080 2601 3148; x_wconf 87' lang='lat' dir='ltr'><strong>nisi</strong></span> 
     </span>
     <span class='ocr_line' id='line_1_22' title="bbox 294 3192 2598 3285; baseline 0 -26"><span class='ocrx_word' id='word_1_191' title='bbox 294 3194 527 3261; x_wconf 85' lang='lat' dir='ltr'><strong>vocalis</strong></span> <span class='ocrx_word' id='word_1_192' title='bbox 566 3212 603 3260; x_wconf 75' lang='grc' dir='ltr'><strong><em>ἅ</em></strong></span> <span class='ocrx_word' id='word_1_193' title='bbox 637 3206 787 3284; x_wconf 88' lang='lat' dir='ltr'><strong>post</strong></span> <span class='ocrx_word' id='word_1_194' title='bbox 815 3214 845 3262; x_wconf 79' lang='grc' dir='ltr'><strong><em>ἵ</em></strong></span> <span class='ocrx_word' id='word_1_195' title='bbox 873 3219 927 3265; x_wconf 83' lang='lat' dir='ltr'><strong>et</strong></span> <span class='ocrx_word' id='word_1_196' title='bbox 963 3215 1001 3262; x_wconf 68' lang='grc' dir='ltr'><strong>ἅ</strong></span> <span class='ocrx_word' id='word_1_197' title='bbox 1043 3194 1327 3285; x_wconf 82' lang='lat' dir='ltr'><strong>syllabae</strong></span> <span class='ocrx_word' id='word_1_198' title='bbox 1354 3192 1751 3284; x_wconf 78' lang='lat' dir='ltr'><strong>&#39;penultimae</strong></span> <span class='ocrx_word' id='word_1_199' title='bbox 1772 3216 2033 3260; x_wconf 88' lang='lat' dir='ltr'><strong>manere</strong></span> <span class='ocrx_word' id='word_1_200' title='bbox 2063 3205 2361 3284; x_wconf 82' lang='lat' dir='ltr'><strong>cogatur.</strong></span> <span class='ocrx_word' id='word_1_201' title='bbox 2451 3194 2598 3261; x_wconf 88' lang='lat' dir='ltr'><strong>De-</strong></span> 
     </span>
     <span class='ocr_line' id='line_1_23' title="bbox 291 3306 2602 3396; baseline 0 -22"><span class='ocrx_word' id='word_1_202' title='bbox 291 3308 443 3374; x_wconf 83' lang='lat' dir='ltr'><strong>inde</strong></span> <span class='ocrx_word' id='word_1_203' title='bbox 492 3330 573 3373; x_wconf 83' lang='lat' dir='ltr'><strong>ex</strong></span> <span class='ocrx_word' id='word_1_204' title='bbox 617 3308 821 3374; x_wconf 80' lang='lat' dir='ltr'><strong>vocali</strong></span> <span class='ocrx_word' id='word_1_205' title='bbox 865 3319 1013 3374; x_wconf 87' lang='lat' dir='ltr'><strong>ante</strong></span> <span class='ocrx_word' id='word_1_206' title='bbox 1056 3307 1402 3376; x_wconf 88' lang='lat' dir='ltr'><strong>radicalem</strong></span> <span class='ocrx_word' id='word_1_207' title='bbox 1445 3309 1697 3377; x_wconf 84' lang='lat' dir='ltr'><strong>tertiam</strong></span> <span class='ocrx_word' id='word_1_208' title='bbox 1744 3308 1918 3375; x_wconf 81' lang='lat' dir='ltr'><strong>brevi</strong></span> <span class='ocrx_word' id='word_1_209' title='bbox 1961 3319 2028 3376; x_wconf 91' lang='lat' dir='ltr'><strong>et</strong></span> <span class='ocrx_word' id='word_1_210' title='bbox 2067 3307 2190 3374; x_wconf 88' lang='lat' dir='ltr'><strong>hac</strong></span> <span class='ocrx_word' id='word_1_211' title='bbox 2234 3308 2370 3396; x_wconf 84' lang='lat' dir='ltr'><strong>ipsa</strong></span> <span class='ocrx_word' id='word_1_212' title='bbox 2419 3306 2602 3374; x_wconf 87' lang='lat' dir='ltr'><strong>radi-</strong></span> 
     </span>
     <span class='ocr_line' id='line_1_24' title="bbox 296 3420 2602 3510; baseline 0 -21"><span class='ocrx_word' id='word_1_213' title='bbox 296 3420 414 3489; x_wconf 82' lang='lat' dir='ltr'><strong>cali</strong></span> <span class='ocrx_word' id='word_1_214' title='bbox 459 3421 964 3490; x_wconf 87' lang='lat' dir='ltr'><strong>coalescentibus</strong></span> <span class='ocrx_word' id='word_1_215' title='bbox 999 3423 1231 3490; x_wconf 84' lang='lat' dir='ltr'><strong>vocalis</strong></span> <span class='ocrx_word' id='word_1_216' title='bbox 1273 3423 1475 3491; x_wconf 86' lang='lat' dir='ltr'><strong>oritur</strong></span> <span class='ocrx_word' id='word_1_217' title='bbox 1513 3423 1744 3510; x_wconf 80' lang='lat' dir='ltr'><strong>longa3</strong></span> <span class='ocrx_word' id='word_1_218' title='bbox 1784 3421 2150 3489; x_wconf 87' lang='lat' dir='ltr'><strong>coalescunt</strong></span> <span class='ocrx_word' id='word_1_219' title='bbox 2178 3433 2390 3489; x_wconf 87' lang='lat' dir='ltr'><strong>autem</strong></span> <span class='ocrx_word' id='word_1_220' title='bbox 2414 3422 2602 3489; x_wconf 86' lang='lat' dir='ltr'><strong>haud</strong></span> 
     </span>
     <span class='ocr_line' id='line_1_25' title="bbox 292 3535 2601 3624; baseline -0.001 -20"><span class='ocrx_word' id='word_1_221' title='bbox 292 3542 418 3604; x_wconf 76' lang='lat' dir='ltr'><strong>una</strong></span> <span class='ocrx_word' id='word_1_222' title='bbox 450 3539 717 3605; x_wconf 86' lang='lat' dir='ltr'><strong>ratione.</strong></span> <span class='ocrx_word' id='word_1_223' title='bbox 804 3537 977 3603; x_wconf 87' lang='lat' dir='ltr'><strong>Nam</strong></span> <span class='ocrx_word' id='word_1_224' title='bbox 1039 3539 1179 3604; x_wconf 89' lang='lat' dir='ltr'><strong>soni</strong></span> <span class='ocrx_word' id='word_1_225' title='bbox 1234 3539 1385 3605; x_wconf 91' lang='lat' dir='ltr'><strong>i-u</strong></span> <span class='ocrx_word' id='word_1_226' title='bbox 1446 3549 1898 3604; x_wconf 86' lang='lat' dir='ltr'><strong>concurrentes</strong></span> <span class='ocrx_word' id='word_1_227' title='bbox 1960 3537 2026 3602; x_wconf 90' lang='lat' dir='ltr'><strong>in</strong></span> <span class='ocrx_word' id='word_1_228' title='bbox 2086 3558 2286 3601; x_wconf 90' lang='lat' dir='ltr'><strong>unum</strong></span> <span class='ocrx_word' id='word_1_229' title='bbox 2322 3535 2601 3624; x_wconf 79' lang='lat' dir='ltr'><strong>longum</strong></span> 
     </span>
     <span class='ocr_line' id='line_1_26' title="bbox 295 3634 2601 3741; baseline 0 -26"><span class='ocrx_word' id='word_1_230' title='bbox 295 3653 324 3715; x_wconf 85' lang='lat' dir='ltr'><strong>i</strong></span> <span class='ocrx_word' id='word_1_231' title='bbox 366 3651 460 3717; x_wconf 84' lang='lat' dir='ltr'><strong>vel</strong></span> <span class='ocrx_word' id='word_1_232' title='bbox 505 3676 552 3717; x_wconf 84' lang='grc' dir='ltr'><strong>ιι</strong></span> <span class='ocrx_word' id='word_1_233' title='bbox 596 3649 996 3733; x_wconf 64' lang='lat' dir='ltr'><strong>coalescunt,</strong></span> <span class='ocrx_word' id='word_1_234' title='bbox 1064 3654 1150 3720; x_wconf 89' lang='lat' dir='ltr'><strong>ita</strong></span> <span class='ocrx_word' id='word_1_235' title='bbox 1194 3662 1265 3720; x_wconf 92' lang='lat' dir='ltr'><strong>ut</strong></span> <span class='ocrx_word' id='word_1_236' title='bbox 1315 3651 1689 3741; x_wconf 78' lang='lat' dir='ltr'><strong>plerumque</strong></span> <span class='ocrx_word' id='word_1_237' title='bbox 1730 3672 1927 3719; x_wconf 88' lang='lat' dir='ltr'><strong>sonus</strong></span> <span class='ocrx_word' id='word_1_238' title='bbox 1974 3634 2178 3741; x_wconf 83' lang='lat' dir='ltr'><strong>prior,</strong></span> <span class='ocrx_word' id='word_1_239' title='bbox 2245 3659 2320 3716; x_wconf 91' lang='lat' dir='ltr'><strong>ut</strong></span> <span class='ocrx_word' id='word_1_240' title='bbox 2360 3649 2601 3716; x_wconf 84' lang='lat' dir='ltr'><strong>virtute</strong></span> 
     </span>
     <span class='ocr_line' id='line_1_27' title="bbox 295 3762 2599 3855; baseline -0 -24"><span class='ocrx_word' id='word_1_241' title='bbox 295 3777 363 3833; x_wconf 91' lang='lat' dir='ltr'><strong>et</strong></span> <span class='ocrx_word' id='word_1_242' title='bbox 416 3764 733 3853; x_wconf 87' lang='lat' dir='ltr'><strong>positione</strong></span> <span class='ocrx_word' id='word_1_243' title='bbox 800 3768 918 3832; x_wconf 73' lang='lat' dir='ltr'><strong>sua</strong></span> <span class='ocrx_word' id='word_1_244' title='bbox 995 3767 1238 3855; x_wconf 81' lang='lat' dir='ltr'><strong>potior,</strong></span> <span class='ocrx_word' id='word_1_245' title='bbox 1307 3777 1680 3854; x_wconf 85' lang='lat' dir='ltr'><strong>sequentem</strong></span> <span class='ocrx_word' id='word_1_246' title='bbox 1744 3764 2066 3831; x_wconf 87' lang='lat' dir='ltr'><strong>inimicum</strong></span> <span class='ocrx_word' id='word_1_247' title='bbox 2109 3763 2228 3830; x_wconf 90' lang='lat' dir='ltr'><strong>sibi</strong></span> <span class='ocrx_word' id='word_1_248' title='bbox 2270 3762 2599 3831; x_wconf 85' lang='lat' dir='ltr'><strong>assimilet.</strong></span> 
     </span>
     <span class='ocr_line' id='line_1_28' title="bbox 293 3872 2603 3969; baseline -0.002 -22"><span class='ocrx_word' id='word_1_249' title='bbox 293 3882 375 3947; x_wconf 81' lang='lat' dir='ltr'><strong>At</strong></span> <span class='ocrx_word' id='word_1_250' title='bbox 441 3872 477 3943; x_wconf 67' lang='lat' dir='ltr'><strong>&#39;a</strong></span> <span class='ocrx_word' id='word_1_251' title='bbox 549 3879 945 3969; x_wconf 84' lang='lat' dir='ltr'><strong>praecedens</strong></span> <span class='ocrx_word' id='word_1_252' title='bbox 1029 3904 1176 3947; x_wconf 91' lang='lat' dir='ltr'><strong>cum</strong></span> <span class='ocrx_word' id='word_1_253' title='bbox 1260 3891 1569 3969; x_wconf 90' lang='lat' dir='ltr'><strong>sequente</strong></span> <span class='ocrx_word' id='word_1_254' title='bbox 1651 3901 1809 3944; x_wconf 88' lang='lat' dir='ltr'><strong>sono</strong></span> <span class='ocrx_word' id='word_1_255' title='bbox 1891 3877 2156 3946; x_wconf 86' lang='lat' dir='ltr'><strong>radicali</strong></span> <span class='ocrx_word' id='word_1_256' title='bbox 2216 3910 2259 3956; x_wconf 67' lang='lat'><strong>,2</strong></span> <span class='ocrx_word' id='word_1_257' title='bbox 2302 3886 2372 3943; x_wconf 91' lang='lat' dir='ltr'><strong>et</strong></span> <span class='ocrx_word' id='word_1_258' title='bbox 2415 3887 2473 3949; x_wconf 64' lang='grc' dir='ltr'><strong>εξ</strong></span> <span class='ocrx_word' id='word_1_259' title='bbox 2516 3900 2603 3943; x_wconf 81' lang='lat' dir='ltr'><strong>ex</strong></span> 
     </span>
     <span class='ocr_line' id='line_1_29' title="bbox 295 3990 2601 4085; baseline -0 -25"><span class='ocrx_word' id='word_1_260' title='bbox 295 3995 547 4083; x_wconf 79' lang='lat' dir='ltr'><strong>origine</strong></span> <span class='ocrx_word' id='word_1_261' title='bbox 642 3995 901 4085; x_wconf 88' lang='lat' dir='ltr'><strong>quidem</strong></span> <span class='ocrx_word' id='word_1_262' title='bbox 988 3995 1052 4060; x_wconf 91' lang='lat' dir='ltr'><strong>in</strong></span> <span class='ocrx_word' id='word_1_263' title='bbox 1128 4018 1261 4072; x_wconf 78' lang='grc' dir='ltr'><strong>αιι,</strong></span> <span class='ocrx_word' id='word_1_264' title='bbox 1367 3995 1444 4057; x_wconf 86' lang='grc' dir='ltr'><strong>αἱ</strong></span> <span class='ocrx_word' id='word_1_265' title='bbox 1515 3992 1855 4075; x_wconf 80' lang='lat' dir='ltr'><strong>coalescit3</strong></span> <span class='ocrx_word' id='word_1_266' title='bbox 1959 3992 2078 4059; x_wconf 91' lang='lat' dir='ltr'><strong>sed</strong></span> <span class='ocrx_word' id='word_1_267' title='bbox 2144 3991 2213 4058; x_wconf 91' lang='lat' dir='ltr'><strong>id</strong></span> <span class='ocrx_word' id='word_1_268' title='bbox 2277 4012 2407 4057; x_wconf 92' lang='lat' dir='ltr'><strong>non</strong></span> <span class='ocrx_word' id='word_1_269' title='bbox 2470 3990 2601 4059; x_wconf 80' lang='lat' dir='ltr'><strong>nisi</strong></span> 
     </span>
     <span class='ocr_line' id='line_1_30' title="bbox 297 4103 2599 4197; baseline -0.003 -22"><span class='ocrx_word' id='word_1_270' title='bbox 297 4124 446 4177; x_wconf 86' lang='lat' dir='ltr'><strong>ante</strong></span> <span class='ocrx_word' id='word_1_271' title='bbox 508 4122 1000 4191; x_wconf 84' lang='lat' dir='ltr'><strong>consonantem,</strong></span> <span class='ocrx_word' id='word_1_272' title='bbox 1076 4108 1454 4197; x_wconf 79' lang='lat' dir='ltr'><strong>praesertim</strong></span> <span class='ocrx_word' id='word_1_273' title='bbox 1520 4107 1583 4172; x_wconf 90' lang='lat' dir='ltr'><strong>in</strong></span> <span class='ocrx_word' id='word_1_274' title='bbox 1642 4106 1931 4195; x_wconf 91' lang='lat' dir='ltr'><strong>personis</strong></span> <span class='ocrx_word' id='word_1_275' title='bbox 1973 4106 2185 4187; x_wconf 81' lang='lat' dir='ltr'><strong>verbi,</strong></span> <span class='ocrx_word' id='word_1_276' title='bbox 2256 4127 2426 4194; x_wconf 87' lang='lat' dir='ltr'><strong>quae</strong></span> <span class='ocrx_word' id='word_1_277' title='bbox 2470 4103 2599 4193; x_wconf 83' lang='lat' dir='ltr'><strong>syl-</strong></span> 
     </span>
     <span class='ocr_line' id='line_1_31' title="bbox 295 4218 2599 4305; baseline -0.002 -16"><span class='ocrx_word' id='word_1_278' title='bbox 295 4224 512 4291; x_wconf 88' lang='lat' dir='ltr'><strong>labam</strong></span> <span class='ocrx_word' id='word_1_279' title='bbox 559 4236 1014 4293; x_wconf 86' lang='lat' dir='ltr'><strong>consonantem</strong></span> <span class='ocrx_word' id='word_1_280' title='bbox 1072 4222 1329 4288; x_wconf 86' lang='lat' dir='ltr'><strong>affixam</strong></span> <span class='ocrx_word' id='word_1_281' title='bbox 1387 4219 1659 4300; x_wconf 89' lang='lat' dir='ltr'><strong>habent,</strong></span> <span class='ocrx_word' id='word_1_282' title='bbox 1736 4232 2055 4288; x_wconf 85' lang='lat' dir='ltr'><strong>servatum</strong></span> <span class='ocrx_word' id='word_1_283' title='bbox 2115 4230 2215 4287; x_wconf 91' lang='lat' dir='ltr'><strong>est</strong></span> <span class='ocrx_word' id='word_1_284' title='bbox 2266 4218 2599 4305; x_wconf 80' lang='lat' dir='ltr'><strong>integrum</strong></span> 
     </span>
     <span class='ocr_line' id='line_1_32' title="bbox 295 4332 2595 4428; baseline -0.004 -22"><span class='ocrx_word' id='word_1_285' title='bbox 295 4338 419 4425; x_wconf 84' lang='lat' dir='ltr'><strong>(cf.</strong></span> <span class='ocrx_word' id='word_1_286' title='bbox 463 4335 527 4428; x_wconf 81' lang='lat'><strong>§.</strong></span> <span class='ocrx_word' id='word_1_287' title='bbox 568 4336 773 4425; x_wconf 83' lang='lat'>402).;</span> <span class='ocrx_word' id='word_1_288' title='bbox 839 4338 902 4403; x_wconf 90' lang='lat' dir='ltr'><strong>in</strong></span> <span class='ocrx_word' id='word_1_289' title='bbox 946 4338 1096 4419; x_wconf 78' lang='lat' dir='ltr'><strong>‚fine</strong></span> <span class='ocrx_word' id='word_1_290' title='bbox 1163 4359 1392 4402; x_wconf 86' lang='lat' dir='ltr'><strong>vocum</strong></span> <span class='ocrx_word' id='word_1_291' title='bbox 1458 4335 1595 4401; x_wconf 91' lang='lat' dir='ltr'><strong>soni</strong></span> <span class='ocrx_word' id='word_1_292' title='bbox 1656 4333 2038 4424; x_wconf 82' lang='lat' dir='ltr'><strong>diphthongi</strong></span> <span class='ocrx_word' id='word_1_293' title='bbox 2095 4335 2160 4401; x_wconf 90' lang='lat' dir='ltr'><strong>in</strong></span> <span class='ocrx_word' id='word_1_294' title='bbox 2225 4332 2595 4401; x_wconf 87' lang='lat' dir='ltr'><strong>obtusiores</strong></span> 
     </span>
    </p>
   </div>
  </div>
 </body>
</html>
