2675 4692
388 198 534 278 292
919 183 1036 254 De
1089 184 1595 252 enunciatione
1647 182 2139 254 conditionali.

390 365 600 434 culum
648 364 947 434 translato
991 364 1295 455 praeponi
1337 376 1587 453 potest,
1632 378 1703 433 ut
1751 366 1961 432 Abulf.
1994 370 2151 433 ann.
2188 377 2320 434 ant.
2374 391 2449 455 p.
2478 368 2595 446 84,
2628 374 2675 433 4.

387 483 551 547 Ante
612 478 1121 547 enunciationem
1178 490 1380 547 status
1424 478 1746 567 propriam
1780 507 1816 555 2
1864 500 2112 566 ponere
2154 477 2539 546 consultius
2580 492 2675 553 est.

387 680 459 735 ut
491 666 1006 757 participiotpost
1042 664 1400 756 subjectum
1442 676 1786 755 sequente:
1833 652 2060 768 ςξψ,
2112 624 2195 799 ’ἦ
2233 689 2355 701 -
2408 608 2675 759 ἒξ·

385 814 531 960 Est-3
575 896 689 911 --·
726 896 859 938 non
907 872 1114 938 scivit
1158 909 1240 920 —-
1286 870 1433 936 nisi
1481 881 1770 959 pastore
1834 871 2287 937 descendente
2350 870 2400 937 ἰ.
2448 893 2516 937 e.
2583 871 2675 937 in-

383 1034 637 1125 proviso
685 1043 904 1124 pastor
950 1031 1300 1100 descendit.

243 1291 352 1340 75⁰
554 1266 637 1349 2)
680 1264 811 1330 Alia
853 1259 1100 1328 ratione
1144 1257 1464 1339 conditio,
1518 1280 1708 1347 quam
1752 1259 1892 1348 quis
1938 1259 2161 1338 sumit,
2204 1280 2289 1324 ex
2336 1257 2555 1323 animi
2598 1258 2674 1323 ω’

383 1392 562 1448 motu
601 1380 690 1446 ita
734 1372 1146 1466 pronunciari
1185 1384 1434 1460 potest,
1480 1383 1550 1439 ut
1593 1372 1869 1461 cogitari
1908 1373 2088 1462 quasi
2120 1372 2500 1463 jubeatur,
2548 1396 2603 1435 v.
2632 1394 2673 1433 c.

384 1493 779 1557 moriatur!
839 1489 878 1555 i.
925 1511 980 1553 e.
1026 1487 1130 1553 fac
1188 1509 1335 1551 eum
1396 1487 1591 1568 mori,
1665 1512 1716 1554 s.
1758 1488 1823 1552 si
1884 1486 2255 1552 moriatur.
2394 1484 2559 1558 Qua
2612 1506 2673 1548 ex

383 1602 685 1694 loquendi
746 1600 1014 1668 formula
1081 1599 1323 1666 factum
1373 1611 1512 1679 est,
1579 1611 1651 1668 ut
1673 1599 2000 1687 jussione
2040 1596 2104 1688 §.
2135 1599 2267 1664 210
2311 1596 2414 1663 ad
2466 1596 2673 1663 con&—

384 1718 621 1786 tionem
668 1714 1013 1781 notandam
1060 1713 1568 1802 frequentissime
1604 1712 1937 1780 traductus
1971 1713 2070 1779 sit.
2159 1712 2515 1799 Praeponi
2552 1712 2669 1798 qui·

386 1828 570 1911 dem,
615 1829 668 1895 si
709 1827 860 1893 nihil
899 1825 1067 1892 aliud
1097 1825 1434 1914 praecedit
1477 1822 1578 1914 (ἕ.
1605 1826 1809 1911 753),
1856 1849 2001 1891 cum
2026 1824 2311 1916 jussivus
2348 1826 2665 1891 Ambihus

2311 1954 2345 1986 ο

385 2019 467 2085 ab
513 2017 689 2085 initio
733 2016 882 2105 poni
927 2036 1052 2080 non
1095 2013 1302 2102 possit
1344 2012 1449 2102 (ξ
1471 2012 1677 2098 630),
1725 2010 1947 2078 saltem
1985 2010 2250 2100 simplex
2288 2000 2389 2146 ὑὲ
2426 2034 2669 2102 semper

388 2175 748 2244 consuevit:
813 2171 931 2240 sed
984 2173 1052 2240 id
1111 2173 1229 2239 nisi
1274 2172 1579 2239 orationis
1637 2170 2086 2239 dilucidandae
2142 2175 2340 2239 causa
2390 2196 2532 2239 non
2574 2194 2664 2238 ac-

387 2270 617 2366 cossitg
687 2285 1163 2375 tenendumque
1219 2286 1536 2377 inprimis,
1615 2284 1993 2352 conditionis
2062 2286 2400 2355 notionem
2474 2287 2663 2377 iussin

386 2403 645 2471 dictioni
699 2402 927 2468 inesse.
1037 2399 1236 2467 Ratio
1318 2400 1482 2466 haec
1525 2397 1783 2465 dicendi
1824 2423 1862 2464 a
1904 2399 2099 2487 priori
2139 2400 2228 2467 ita
2270 2398 2549 2488 quidem
2588 2398 2661 2464 di-

387 2539 571 2583 versa
614 2526 747 2596 est,
807 2524 878 2580 ut
927 2513 1355 2581 conditionem
1412 2514 1619 2600 magis
1664 2537 1704 2579 e
1744 2513 2058 2602 loquentis
2118 2513 2330 2580 animo
2398 2526 2655 2580 sumtan

385 2630 655 2711 indicet,
726 2626 900 2693 unde
962 2628 1338 2715 praesertim
1384 2628 1618 2694 usitata
1662 2637 1762 2693 est
1806 2627 1871 2692 in
1914 2625 2388 2693 conditionibus
2441 2625 2657 2716 disjun-

615 2742 678 2789 οἱ

388 2816 565 2886 ctivis
618 2803 677 2891 ,ἶ
723 2848 810 2860 -
851 2797 942 2945 ὠὲ
978 2812 1123 2880 sive
1162 2851 1248 2864 --
1291 2815 1479 2894 sive3
1542 2834 1739 2903 porro
1805 2837 1950 2882 cum
2013 2812 2277 2880 vividior
2336 2813 2550 2883 multo
2596 2815 2655 2881 sit

392 2991 478 3046 et·
537 2971 761 3041 sortior
832 2971 1067 3054 dictio,
1169 2995 1296 3039 non
1369 2974 1432 3039 in
1501 2975 1870 3063 postpositis
1945 2971 2425 3041 conditionibus
2497 2975 2657 3041 obvia

394 3179 535 3245 est,
627 3161 719 3230 uti
783 3182 1104 3249 nunquam
1159 3171 1305 3249 post
1361 3184 1585 3228 vocem
1652 3113 1716 3215 ΞῚ
1760 3158 1823 3253 §.
1859 3161 1990 3229 749
2027 3160 2373 3242 invenitur,
2420 3184 2550 3231 nec
2582 3164 2657 3230 fa-

1698 3256 1728 3296 ἃ

765 3309 854 3341 0.

397 3369 515 3438 cile
557 3380 704 3457 post
748 3352 861 3501 ὑὲ,
903 3368 1071 3443 etsi,
1118 3389 1519 3455 quanquam
1550 3366 1828 3457 jussivus
1872 3367 2155 3436 occurrit
2196 3367 2313 3436 nisi
2354 3367 2423 3433 in
2480 3393 2653 3436 cnun-

399 3530 673 3598 ciationc
717 3526 1079 3617 praeposita
1128 3525 1315 3613 (Sur.
1342 3527 1406 3606 6,
1450 3526 1607 3614 24);
1654 3524 1770 3594 sed
1811 3526 1876 3592 in
1918 3525 2160 3616 protasi
2202 3538 2479 3608 tantum,
2512 3552 2654 3619 quae

400 3642 706 3733 apodosin
769 3640 1127 3705 necessario
1183 3640 1499 3728 requirat,
1566 3640 1843 3731 jussivus
1901 3661 2017 3707 suo
2077 3638 2222 3705 loco
2276 3651 2410 3707 est:
2479 3666 2650 3731 quan-

402 3779 594 3845 quam
642 3777 787 3820 cum
834 3753 1049 3819 colore
1094 3754 1299 3840 magis
1344 3774 1537 3842 quam
1579 3776 1768 3821 sensu
1814 3752 2030 3820 ultimo
2075 3777 2114 3820 a
2158 3753 2355 3841 priori
2397 3755 2647 3829 differat.

402 3868 578 3937 haud
619 3888 767 3933 raro
811 3865 1147 3932 discrimen
1188 3865 1365 3955 quod
1405 3867 1763 3933 intercedat
1809 3868 1906 3932 vix
1951 3866 2237 3934 sentitur.
2328 3862 2476 3936 Usu
2518 3894 2649 3960 quo·

403 4006 533 4070 que
576 3981 740 4046 haec
782 3977 939 4045 illius
982 3977 1286 4045 simillima
1331 3980 1546 4046 evasit.
1650 3980 1818 4046 Nam
1863 3979 2163 4068 apodosis
2196 3980 2519 4071 jussivum
2559 4007 2648 4051 ses

405 4097 674 4160 sormam
711 4104 1042 4179 protaseos
1074 4100 1272 4156 totam
1299 4090 1614 4173 imitatur,
1653 4107 1720 4161 ut
1770 4119 1900 4182 quo
1945 4093 2133 4161 animi
2176 4108 2357 4161 motu
2395 4098 2649 4165 conditio

404 4204 825 4292 pronunciata
877 4212 1016 4269 erat
1059 4201 1292 4269 eodem
1338 4208 1827 4294 consequentia;
1889 4207 2058 4274 unde
2099 4205 2403 4296 apodosis
2446 4233 2561 4297 per
2592 4233 2648 4277 se
