2675 4692
359 310 511 383 124
1001 295 1232 369 Verbi
1280 307 1623 394 tempora·
1644 309 1734 367 et
1779 298 1995 370 modi.

353 580 473 647 per
528 565 674 645 post
727 527 1092 641 negativum
1144 507 1236 613 [Β
1279 528 1378 618 vel
1428 550 1605 642 ‘quod
1659 554 1858 625 multo
1932 554 2324 646 frequentius
2340 606 2359 637 ‚
2413 496 2486 653 ἕῑ
2538 557 2635 625 ita

351 670 641 760 ponitur,
701 678 772 736 ut
828 666 1174 754 negatione
1227 667 1492 733 absente
1534 669 1697 756 perf.
1741 669 1876 759 ejus
1918 668 2060 735 loco
2101 668 2477 760 ponendum
2522 668 2635 746 sit,

350 845 522 914 velut
558 787 704 932 5⁸1}
754 787 829 942 gs
859 868 994 910 non
1037 818 1265 934 fecit,
1333 845 1436 911 cui
1493 845 1855 935 oppositum
1895 803 2015 917 ..l-g
2041 845 2268 932 fecit3
2352 840 2441 915 de
2493 871 2633 938 quo

351 981 476 1027 usu
535 958 695 1026 miro
754 968 822 1026 et
877 958 1183 1047 singulari
1223 957 1410 1047 paulo
1451 959 1715 1025 uberius
1756 957 2213 1026 disserendum.
2336 960 2464 1028 Est
2507 984 2632 1027 au·

350 1082 482 1141 tem
533 1072 640 1139 hic
695 1071 928 1160 duplex
986 1070 1440 1160 spectandum,
1517 1072 1784 1141 alterum
1849 1095 1965 1139 cur
2013 1068 2460 1167 imperfectum
2516 1098 2633 1141 re-

349 1186 671 1276 quiratur,
742 1185 1009 1254 alterum
1072 1206 1189 1251 cur
1241 1184 1472 1253 modus
1532 1186 1667 1276 ejus
1725 1180 2101 1275 g'ezmatus.
2220 1185 2384 1256 Illud
2443 1187 2631 1254 haud

345 1328 543 1414 dubie
608 1367 689 1412 ex
741 1345 881 1434 ipsa
929 1343 1294 1432 negationis
1351 1344 1536 1435 hujus
1602 1346 1663 1412 vi
1715 1343 1968 1434 pendet.
2083 1345 2210 1414 Est
2270 1346 2439 1413 enim
2480 1306 2583 1408 ὤ
2604 1392 2627 1425 ,

344 1503 520 1573 unde
571 1446 635 1602 gl
686 1505 771 1570 ob
826 1502 1016 1570 usum
1072 1505 1647 1594 frequentissimum
1703 1505 2107 1575 decurtatum
2164 1514 2295 1588 est,
2350 1508 2626 1595 negatio

343 1648 519 1732 haud
575 1662 882 1752 primitiva
924 1674 991 1729 et
1031 1662 1326 1751 simplex,
1389 1648 1507 1731 sed
1555 1688 1634 1731 ex
1679 1624 1802 1721 [Ᾰῦ
1849 1664 2131 1754 rapidius
2175 1665 2375 1732 vocali
2416 1665 2625 1755 longa

339 1779 756 1869 pronunciata
797 1786 942 1844 orta
983 1774 1243 1845 videtur.
1327 1777 1411 1844 Id
1447 1777 1641 1845 latino
1682 1776 1990 1842 nondum
2026 1777 2407 1865 respondet,
2464 1803 2623 1849 cum

341 1925 418 1993 L·
457 1948 681 2006 notare
735 1947 929 2025 queat
979 1937 1170 2002 dum.
1217 1984 1222 1989 ,
1270 1937 1500 2027 Itaque
1557 1960 1705 2004 cum
1764 1930 2074 2026 particula
2125 1958 2262 2004 rem
2301 1938 2625 2006 nondum

320 2046 608 2148 sap-tam
669 2049 962 2131 denotet,
1029 2060 1281 2138 tempus
1347 2050 1836 2139 imperfectum
1882 2048 2138 2138 ponitur
2174 2050 2325 2117 huic
2367 2052 2621 2121 notioni

336 2184 865 2251 consentaneum,
944 2180 1016 2237 ut
1067 2168 1271 2241 hebr(
1299 2182 1451 2258 post
1497 2177 1706 2264 0212·
1811 2170 2042 2259 anue
2084 2170 2257 2239 notio
2301 2171 2621 2239 nondum

331 2332 399 2399 in
442 2317 531 2391 U
575 2331 922 2421 praecipue
962 2327 1136 2395 haud
1177 2350 1327 2395 rara
1371 2340 1470 2395 est
1508 2328 1597 2415 Ι).
1685 2327 1822 2395 Sed
1864 2328 2098 2396 deinde
2137 2329 2399 2418 negatio
2443 2329 2620 2399 haec

330 2444 691 2534 simpliciter
732 2465 889 2513 ,rem
943 2442 1297 2531 perfectam
1356 2464 1474 2509 seu
1517 2440 1804 2526 factam
1859 2466 2004 2508 esse
2064 2456 2317 2532 negat,
2387 2444 2480 2512 ita
2546 2461 2623 2514 ut

325 2559 655 2651 praeteriti
686 2557 947 2645 negatio
979 2555 1150 2622 sacta
1178 2554 1293 2636 sit,
1354 2556 1584 2623 ceteris
1617 2554 2065 2643 negationibus
2110 2568 2177 2625 et
2217 2558 2617 2647 simplicibus

330 2685 396 2740 et
438 2671 800 2761 compositis
832 2672 1171 2759 'opposita3
1228 2681 1294 2739 et
1348 2670 1414 2737 in
1468 2669 1932 2736 narrationibus
1985 2693 2242 2760 quoque
2283 2687 2616 2755 occurrat,

326 2788 509 2855 nobis
590 2786 854 2875 simplici
930 2808 1066 2850 non
1143 2787 1337 2852 verbo
1404 2783 1753 2873 praeterito
1808 2782 2035 2873 juncto
2107 2785 2617 2873 exprimendum.

329 2902 441 2968 Sic
482 2900 740 2988 negatio
784 2898 949 2964 haec
991 2897 1306 2987 particula
1351 2897 1522 2964 sacta
1558 2908 1658 2964 est
1694 2895 1846 2962 huic
1889 2898 2064 2963 verbi
2120 2899 2364 2965 formae
2403 2923 2619 2989 pecu-

324 3014 491 3081 liaris
554 3037 933 3103 semperque
1006 3011 1396 3092 adhaerenS‚
1475 3032 1643 3100 quae
1696 3020 2035 3098 praeterea
2089 3010 2266 3078 haud
2315 3028 2622 3101 apparet,

325 3150 536 3217 neque
591 3150 869 3217 unquam
928 3126 1066 3193 sine
1109 3125 1359 3214 imperf.
1402 3124 1691 3213 proxime
1709 3172 1728 3203 ‚
1807 3122 1972 3189 nulla
2012 3123 2130 3191 alia
2172 3149 2331 3193 voce
2372 3129 2622 3213 media,

324 3298 632 3378 sequente
694 3287 820 3354 dici
883 3297 1114 3377 potest.
1223 3285 1445 3359 Quare
1499 3283 1583 3347 ob
1644 3304 1873 3348 nexum
1915 3283 2088 3351 hunc
2126 3288 2479 3376 praepositi
2535 3234 2623 3387 ἓ

326 3405 513 3495 vique
575 3405 751 3470 certa
804 3398 1266 3490 pronunciandi
1330 3396 1758 3463 necessarium
1824 3408 1890 3464 et
1951 3412 2332 3490 perpetuum
2396 3403 2625 3472 forma

433 3720 494 3788 1)
531 3724 593 3771 ut
627 3677 727 3797 [ζ
749 3724 804 3767 et
821 3713 1054 3768 nondum
1078 3718 1112 3770 ἰ.
1128 3733 1175 3771 e.
1192 3719 1487 3787 priusquam
1501 3719 1620 3771 Sae.
1637 3715 1773 3770 anth.
1798 3735 1848 3787 p,
1866 3722 1989 3784 457,
2007 3722 2090 3771 13.
2142 3718 2509 3789 usurpas-1.
2552 3724 2621 3778 In

533 3878 746 3932 Korano
768 3835 857 3936 l]
875 3880 1113 3948 saepius,
1153 3884 1235 3930 -ut
1267 3878 1385 3930 Sur.
1417 3880 1471 3941 3,
1508 3879 1591 3928 14.
1629 3878 1682 3928 2.
1732 3877 1821 3941 49,
1858 3878 1929 3928 14
1965 3876 2052 3929 ubi
2106 3823 2484 3976 eipomnino
2514 3896 2626 3949 μι-

536 4042 629 4089 est.
725 4035 905 4088 Serius
951 4036 1227 4102 juncturae
1281 4037 1459 4104 quales
1497 3980 1557 4092 gl
1609 3994 1736 4109 Sag
1780 3980 1908 4124 ἐξ»
1960 3980 2033 4135 {3
2067 4052 2172 4088 non
2221 4032 2447 4106 secet-ae
2511 4035 2629 4091 boc

538 4208 703 4263 quum
739 4220 809 4231 -
861 4193 895 4246 i.
937 4206 981 4243 e.
1039 4191 1336 4259 priusquam
1388 4191 1483 4244 hoc
1509 4132 1712 4244 lecerat
1748 4191 1904 4258 (Kos.
1943 4190 2048 4244 chr.
2104 4210 2154 4260 p.
2191 4195 2313 4257 114,
2354 4194 2456 4261 4),
2523 4193 2629 4247 nbi

533 4344 739 4396 semper
775 4330 918 4383 rides
959 4277 1021 4428 {j
1060 4332 1349 4401 proximum
1396 4336 1595 4382 tantum
1630 4329 1842 4382 verbum
1878 4331 1975 4382 sibi
2014 4330 2340 4396 subjungere.
