2675 4692
553 197 673 268 De
736 200 1240 271 enunciatione
1292 197 1773 268 conditionali.
2140 210 2289 284 287

0 405 95 463 se,
181 393 265 450 ut
336 404 454 450 nee
507 405 783 472 unquam
835 382 915 448 ab
973 379 1147 449 initio
1206 381 1354 469 poni
1401 381 1631 469 possit,
1705 378 1824 447 sed
1871 380 2293 469 postpositum

0 507 260 565 >autum
318 496 420 565 alii
475 496 740 578 actioni,
812 494 991 585 cujus
1032 495 1172 563 finis
1216 495 1423 562 animo
1484 495 1805 586 subjectus
1865 494 2289 574 describatur,

0 685 84 751 cll.
122 706 396 772 graeco
438 682 602 755 ὥστε
638 707 785 821 cium
813 683 1131 753 infinitivo.
1214 681 1534 770 Negativa
1558 673 1602 736 δ’
1627 611 1872 784 {Syel
1918 625 2058 783 ζῶ)
2100 669 2291 769 Ἂςὲῡ

0 867 140 911 num
193 845 504 931 nacbato.
608 802 729 947 ἐξ
759 865 910 912 vero
962 855 1058 911 est
1108 840 1191 909 ed
1237 841 1632 909 conditione
1676 852 1778 909 ut.

636 1093 690 1145 2.
762 1089 848 1145 De
882 1087 1253 1141 enunciatione
1301 1084 1667 1140 conditionali.

173 1209 663 1279 conditionalis
710 1210 1068 1278 enunciatio
1114 1209 1206 1291 ei,
1245 1207 1326 1276 ad
1374 1187 1564 1297 quam
1610 1231 1682 1277 se
1712 1207 1948 1289 refert,
1993 1207 2287 1298 postponi
2316 1220 2425 1270 πα

0 1322 268 1412 quidem
307 1336 561 1413 potest,
621 1322 738 1391 sed
778 1322 845 1389 id
888 1322 1094 1412 magis
1144 1329 1310 1393 forte
1355 1322 1641 1403 fortuna,
1704 1323 1757 1390 si
1805 1320 2087 1390 conditio
2133 1344 2287 1409 sup-

0 1438 238 1525 plenda
292 1437 581 1518 videtur,
642 1449 706 1505 et
768 1437 971 1504 rarius
1026 1438 1167 1503 fieri
1228 1436 1413 1503 facile
1454 1449 1649 1528 patet.
1751 1436 1812 1503 E
1855 1457 2032 1502 more
2076 1447 2289 1502 autem

1 1553 448 1642 praeponitur.
547 1550 692 1617 Nec
736 1549 1174 1618 conditionalis
1209 1551 1405 1619 thesis
1450 1551 1548 1618 alii
1598 1562 1728 1619 tam
1769 1548 1911 1618 laxe
1953 1548 2289 1639 praeponi-

1 1679 135 1746 tur,
184 1689 395 1756 quam
439 1664 702 1753 simplex
746 1663 1141 1754 temporalis3
1185 1665 1365 1752 ipsae
1412 1665 1576 1732 enim
1621 1661 2025 1750 cogitationis
2071 1672 2287 1750 partes

5 1780 104 1846 hic
183 1781 433 1848 arctius
488 1779 580 1845 ita
635 1777 1021 1858 cohaerent,
1085 1788 1154 1844 ut
1212 1801 1251 1844 e
1312 1777 1542 1865 priori,
1619 1775 1981 1844 conditione
2024 1774 2285 1854 scilicet,

9 1893 202 1959 altera
248 1915 373 1960 seu
416 1891 867 1978 consequentia
911 1891 1267 1958 necessario
1312 1891 1620 1982 prodeat,
1666 1892 2022 1979 ambaeque
2065 1898 2284 1956 mutuo

12 2007 258 2074 vinculo
319 2005 695 2096 jungantur.
799 2002 988 2071 Unde
1047 2027 1191 2071 cum
1236 2005 1593 2074 correlativi
1635 2003 1788 2095 quid
1832 2003 2105 2083 oriatur,
2167 2002 2289 2069 sed

14 2120 97 2187 ita
138 2131 214 2187 ut
257 2118 584 2209 posterius
631 2118 798 2185 velut
839 2117 1033 2187 thesis
1080 2142 1119 2185 a
1167 2120 1358 2207 priori
1410 2131 1481 2187 ut
1523 2118 1647 2186 arsi
1695 2116 2092 2207 dependeat,
2155 2116 2287 2183 sor-

15 2256 111 2301 ma
154 2255 426 2324 quoque
467 2232 795 2321 utriusque
841 2232 1107 2299 membri
1172 2231 1616 2321 aequalitatem
1671 2231 2017 2320 quaesivit,
2086 2242 2157 2298 ut
2200 2229 2284 2296 ad

18 2349 239 2437 prioris
287 2346 560 2415 formam
606 2345 859 2414 alterius
905 2344 1112 2412 forma
1155 2367 1346 2434 quam
1390 2344 1676 2433 proxime
1721 2344 2008 2414 accedat.
2094 2346 2286 2412 Haec

21 2460 358 2551 singularis
416 2460 521 2527 hic
576 2456 940 2548 pulcritudo
1004 2470 1104 2525 est
1167 2457 1592 2545 arabismique
1634 2459 1847 2527 virtus.
1977 2460 2287 2526 Ceterum

21 2576 76 2640 in
133 2575 403 2664 singulis
460 2596 714 2664 quoque
769 2573 974 2640 forma
1037 2569 1549 2639 enunciationum
1607 2593 1727 2661 pro
1788 2595 1983 2641 sensu
2039 2594 2285 2640 nexuve

26 2687 263 2757 diverso
313 2687 590 2756 maxime
628 2686 845 2754 variat.

180 2831 233 2896 1.
279 2815 363 2910 ῥ’
409 2828 837 2899 conditionem
874 2827 1140 2896 denotat
1172 2828 1554 2932 simplicemx,
1610 2850 1727 2897 seu
1765 2827 2130 2916 loquentem
2175 2829 2288 2898 ali-
2311 2847 2416 2897 74³

27 2940 170 3028 quid
212 2941 579 3032 simpliciter
621 2920 909 3023 sumere,
970 2940 1140 3008 unde
1179 2941 1352 3010 aliud
1394 2940 1773 3031 dependeat.
1873 2940 2012 3010 Sed
2051 2941 2289 3032 duplex

33 3053 123 3118 hic
178 3057 393 3124 statim
451 3054 751 3144 panditur
791 3052 1054 3137 modus,
1119 3075 1246 3142 quo
1304 3052 1572 3121 actionis
1617 3054 1976 3123 enunciatio
2035 3057 2290 3144 concipi

27 3178 241 3251 queat,
286 3166 449 3236 alter
487 3166 803 3246 sedatior,
863 3167 1021 3234 alter
1062 3165 1324 3233 vividior
1365 3189 1443 3233 ex
1486 3167 1755 3255 origine.

186 3280 263 3366 1)
315 3281 422 3363 Si,
484 3294 556 3350 ut
612 3281 982 3370 plerumque
1025 3278 1293 3361 accidit,
1354 3279 1633 3348 conditio
1693 3280 1754 3345 in
1813 3282 2008 3349 rebus
2057 3281 2285 3350 futuris

33 3393 314 3477 vertitur,
420 3396 588 3463 actio
669 3418 859 3483 quam
939 3394 1028 3462 ita
1117 3406 1357 3462 certam
1429 3394 1754 3483 ponimus,
1842 3395 1904 3460 in
1969 3393 2284 3483 perfecto

36 3508 392 3578 enunciatur
411 3560 430 3592 ,
494 3519 721 3596 utpote
778 3529 965 3597 quam
1014 3507 1228 3575 futuro
1272 3518 1565 3596 tempore
1595 3508 1731 3598 jam
1776 3507 2012 3579 factam
2050 3519 2284 3576 ratam-

37 3636 151 3701 que
187 3634 399 3690 mente
444 3623 660 3690 nostra
703 3620 1167 3709 conspicimus3
1208 3621 1420 3689 Latini
1463 3621 1699 3690 notioni
1743 3621 1894 3689 huic
1935 3622 2132 3691 futuri
2175 3646 2283 3691 ex-

41 3776 152 3841 acti
203 3781 582 3849 substituere
638 3790 904 3868 possunt
949 3778 1217 3847 formam
1257 3777 1709 3848 dilucidiorem.
1813 3782 1914 3850 Ita
1954 3741 2080 3883 Lu}
2137 3727 2288 3854 ἒξ

43 3916 153 3951 δῖσιο
211 3940 291 3956 ...,
379 3927 411 3959 0

48 3966 132 4030 ml
183 3970 301 4048 εῑὶἶῦ
360 3973 441 4065 ὦ,
457 3946 484 3961 ἢ
480 3978 838 4072 faciemus
877 3982 1064 4050 illud
1102 3986 1167 4050 si
1221 3985 1393 4050 deus
1447 3985 1748 4051 voluerit
1813 3988 2118 4077 (proprie
2163 4013 2283 4056 νο-

421 4078 452 4118 3

577 4131 611 4164 υ
978 4131 1192 4166 nuso
1354 4116 1408 4165 'o
1518 4134 1548 4163 s

443 4148 468 4162 ο
628 4147 652 4161 e
742 4144 768 4161 α
813 4145 888 4160 ae
1211 4147 1234 4161 ο
1272 4147 1296 4162 o
1356 4151 1362 4161 ·
1612 4133 1683 4165 ,g

49 4177 236 4270 luit),
300 4174 472 4294 ffflfic
538 4211 646 4287 μή
704 4176 892 4262 egl-&n
948 4200 1039 4276 §.³1
1094 4185 1307 4243 Cium:
1370 4175 1462 4323 ὀὶ
1511 4178 1678 4243 6Βῖ
1735 4191 1977 4272 timec,
2051 4194 2117 4257 si
2155 4194 2281 4259 do·-
