<?xml version="1.0" encoding="UTF-8"?>
<!DOCTYPE html PUBLIC "-//W3C//DTD XHTML 1.0 Transitional//EN"
    "http://www.w3.org/TR/xhtml1/DTD/xhtml1-transitional.dtd">
<html xmlns="http://www.w3.org/1999/xhtml" xml:lang="en" lang="en">
 <head>
  <title>
</title>
<meta http-equiv="Content-Type" content="text/html;charset=utf-8" />
  <meta name='ocr-system' content='tesseract 3.04.00' />
  <meta name='ocr-capabilities' content='ocr_page ocr_carea ocr_par ocr_line ocrx_word'/>
</head>
<body>
  <div class='ocr_page' id='page_1' title='image "./geohenriciaugew00ewalgoog_0519.png"; bbox 0 0 2675 4692; ppageno 0'>
   <div class='ocr_carea' id='block_1_1' title="bbox 809 187 2351 287">
    <p class='ocr_par' dir='ltr' id='par_1_1' title="bbox 809 187 2351 287">
     <span class='ocr_line' id='line_1_1' title="bbox 809 187 2351 287; baseline -0.001 -26"><span class='ocrx_word' id='word_1_1' title='bbox 809 189 926 262; x_wconf 86' lang='lat' dir='ltr'>De</span> <span class='ocrx_word' id='word_1_2' title='bbox 969 187 1632 287; x_wconf 76' lang='lat' dir='ltr'>praepositionibus.</span> <span class='ocrx_word' id='word_1_3' title='bbox 2249 197 2351 282; x_wconf 82' lang='lat'>95</span> 
     </span>
    </p>
   </div>
   <div class='ocr_carea' id='block_1_2' title="bbox 82 384 2351 803">
    <p class='ocr_par' dir='ltr' id='par_1_2' title="bbox 82 384 2351 803">
     <span class='ocr_line' id='line_1_2' title="bbox 85 384 2351 547; baseline -0.001 -35"><span class='ocrx_word' id='word_1_4' title='bbox 85 443 375 512; x_wconf 88' lang='lat' dir='ltr'>similiter</span> <span class='ocrx_word' id='word_1_5' title='bbox 433 384 682 544; x_wconf 42' lang='grc' dir='ltr'>ῥῠὲἷῗ,</span> <span class='ocrx_word' id='word_1_6' title='bbox 716 385 1003 547; x_wconf 39' lang='lat' dir='ltr'>Q?</span> <span class='ocrx_word' id='word_1_7' title='bbox 1024 389 1173 520; x_wconf 45' lang='grc' dir='ltr'>«κέ</span> <span class='ocrx_word' id='word_1_8' title='bbox 1241 444 1413 515; x_wconf 82' lang='lat' dir='ltr'><strong><em>libri</em></strong></span> <span class='ocrx_word' id='word_1_9' title='bbox 1472 444 1956 537; x_wconf 73' lang='lat' dir='ltr'>philosophiae</span> <span class='ocrx_word' id='word_1_10' title='bbox 2005 445 2046 514; x_wconf 89' lang='lat' dir='ltr'>i.</span> <span class='ocrx_word' id='word_1_11' title='bbox 2090 468 2146 513; x_wconf 87' lang='lat' dir='ltr'>e.</span> <span class='ocrx_word' id='word_1_12' title='bbox 2209 443 2351 511; x_wconf 84' lang='lat' dir='ltr'>libri</span> 
     </span>
     <span class='ocr_line' id='line_1_3' title="bbox 82 571 992 665; baseline 0 -24"><span class='ocrx_word' id='word_1_13' title='bbox 82 572 509 665; x_wconf 80' lang='lat' dir='ltr'>philosophici</span> <span class='ocrx_word' id='word_1_14' title='bbox 547 571 992 642; x_wconf 82' lang='lat' dir='ltr'>Graecorum.</span> 
     </span>
     <span class='ocr_line' id='line_1_4' title="bbox 263 710 2350 803; baseline 0 -26"><span class='ocrx_word' id='word_1_15' title='bbox 263 711 338 799; x_wconf 84' lang='lat' dir='ltr'>Si</span> <span class='ocrx_word' id='word_1_16' title='bbox 378 711 580 792; x_wconf 84' lang='lat' dir='ltr'>forte,</span> <span class='ocrx_word' id='word_1_17' title='bbox 639 710 706 780; x_wconf 88' lang='lat' dir='ltr'>id</span> <span class='ocrx_word' id='word_1_18' title='bbox 752 712 929 803; x_wconf 89' lang='lat' dir='ltr'>quod</span> <span class='ocrx_word' id='word_1_19' title='bbox 966 716 1034 784; x_wconf 91' lang='lat' dir='ltr'>in</span> <span class='ocrx_word' id='word_1_20' title='bbox 1074 714 1384 783; x_wconf 74' lang='lat' dir='ltr'>nonnullis</span> <span class='ocrx_word' id='word_1_21' title='bbox 1419 714 1838 784; x_wconf 87' lang='lat' dir='ltr'>locutionibus</span> <span class='ocrx_word' id='word_1_22' title='bbox 1879 711 2149 780; x_wconf 89' lang='lat' dir='ltr'>solennis</span> <span class='ocrx_word' id='word_1_23' title='bbox 2196 730 2350 778; x_wconf 88' lang='lat' dir='ltr'>usus</span> 
     </span>
    </p>
   </div>
   <div class='ocr_carea' id='block_1_3' title="bbox 83 823 2352 1031">
    <p class='ocr_par' dir='ltr' id='par_1_3' title="bbox 83 823 2352 1031">
     <span class='ocr_line' id='line_1_5' title="bbox 83 823 2352 919; baseline -0.001 -29"><span class='ocrx_word' id='word_1_24' title='bbox 83 824 238 906; x_wconf 82' lang='lat' dir='ltr'>sert,</span> <span class='ocrx_word' id='word_1_25' title='bbox 279 846 532 904; x_wconf 86' lang='lat' dir='ltr'>nomen,</span> <span class='ocrx_word' id='word_1_26' title='bbox 576 823 750 893; x_wconf 88' lang='lat' dir='ltr'>unde</span> <span class='ocrx_word' id='word_1_27' title='bbox 788 828 1102 917; x_wconf 73' lang='lat' dir='ltr'>genitivus</span> <span class='ocrx_word' id='word_1_28' title='bbox 1143 826 1443 919; x_wconf 83' lang='lat' dir='ltr'>pendeat,</span> <span class='ocrx_word' id='word_1_29' title='bbox 1487 849 1746 918; x_wconf 86' lang='lat' dir='ltr'>prorsus</span> <span class='ocrx_word' id='word_1_30' title='bbox 1791 825 2095 892; x_wconf 88' lang='lat' dir='ltr'>omissum</span> <span class='ocrx_word' id='word_1_31' title='bbox 2135 834 2255 903; x_wconf 86' lang='lat' dir='ltr'>est,</span> <span class='ocrx_word' id='word_1_32' title='bbox 2280 832 2352 889; x_wconf 90' lang='lat' dir='ltr'>ut</span> 
     </span>
     <span class='ocr_line' id='line_1_6' title="bbox 85 938 2352 1031; baseline -0.003 -26"><span class='ocrx_word' id='word_1_33' title='bbox 85 960 212 1028; x_wconf 90' lang='lat' dir='ltr'>per</span> <span class='ocrx_word' id='word_1_34' title='bbox 266 962 340 1006; x_wconf 88' lang='lat' dir='ltr'>se</span> <span class='ocrx_word' id='word_1_35' title='bbox 381 961 423 1005; x_wconf 90' lang='lat' dir='ltr'>e</span> <span class='ocrx_word' id='word_1_36' title='bbox 465 947 768 1006; x_wconf 85' lang='lat' dir='ltr'>contextu</span> <span class='ocrx_word' id='word_1_37' title='bbox 809 938 1191 1025; x_wconf 87' lang='lat' dir='ltr'>dilucidum,</span> <span class='ocrx_word' id='word_1_38' title='bbox 1259 940 1574 1031; x_wconf 73' lang='lat' dir='ltr'>genitivus</span> <span class='ocrx_word' id='word_1_39' title='bbox 1630 962 1757 1006; x_wconf 89' lang='lat' dir='ltr'>non</span> <span class='ocrx_word' id='word_1_40' title='bbox 1816 947 2028 1028; x_wconf 89' lang='lat' dir='ltr'>potest</span> <span class='ocrx_word' id='word_1_41' title='bbox 2066 959 2194 1001; x_wconf 90' lang='lat' dir='ltr'>non</span> <span class='ocrx_word' id='word_1_42' title='bbox 2234 956 2352 1025; x_wconf 79' lang='lat' dir='ltr'>per</span> 
     </span>
    </p>
   </div>
   <div class='ocr_carea' id='block_1_4' title="bbox 83 1068 2351 1240">
    <p class='ocr_par' dir='ltr' id='par_1_4' title="bbox 83 1068 2351 1240">
     <span class='ocr_line' id='line_1_7' title="bbox 83 1068 2351 1240; baseline -0.003 -49"><span class='ocrx_word' id='word_1_43' title='bbox 83 1113 126 1191; x_wconf 68' lang='grc' dir='ltr'>ἆ</span> <span class='ocrx_word' id='word_1_44' title='bbox 174 1122 455 1211; x_wconf 81' lang='lat' dir='ltr'>signari,</span> <span class='ocrx_word' id='word_1_45' title='bbox 533 1133 604 1191; x_wconf 87' lang='lat' dir='ltr'>ut</span> <span class='ocrx_word' id='word_1_46' title='bbox 646 1068 907 1240; x_wconf 54' lang='lat' dir='ltr'>5}le</span> <span class='ocrx_word' id='word_1_47' title='bbox 936 1070 1083 1229; x_wconf 43' lang='lat'>5⁴2⁹?</span> <span class='ocrx_word' id='word_1_48' title='bbox 1137 1069 1310 1215; x_wconf 53' lang='lat'>:3233</span> <span class='ocrx_word' id='word_1_49' title='bbox 1363 1123 1826 1214; x_wconf 72' lang='lat' dir='ltr'>Expugnatio</span> <span class='ocrx_word' id='word_1_50' title='bbox 1866 1120 2185 1211; x_wconf 72' lang='lat' dir='ltr'>Aegypti</span> <span class='ocrx_word' id='word_1_51' title='bbox 2228 1118 2351 1208; x_wconf 86' lang='lat' dir='ltr'>(li-</span> 
     </span>
    </p>
   </div>
   <div class='ocr_carea' id='block_1_5' title="bbox 78 1276 2352 1484">
    <p class='ocr_par' dir='ltr' id='par_1_5' title="bbox 78 1276 2352 1484">
     <span class='ocr_line' id='line_1_8' title="bbox 78 1276 2352 1372; baseline -0.003 -22"><span class='ocrx_word' id='word_1_52' title='bbox 78 1282 246 1368; x_wconf 83' lang='lat' dir='ltr'>bcr)</span> <span class='ocrx_word' id='word_1_53' title='bbox 299 1280 417 1350; x_wconf 86' lang='lat' dir='ltr'><em>W</em></span> <span class='ocrx_word' id='word_1_54' title='bbox 406 1278 665 1359; x_wconf 79' lang='lat' dir='ltr'>akidii,</span> <span class='ocrx_word' id='word_1_55' title='bbox 707 1305 876 1372; x_wconf 88' lang='lat' dir='ltr'>quae</span> <span class='ocrx_word' id='word_1_56' title='bbox 914 1284 1170 1354; x_wconf 89' lang='lat' dir='ltr'>dicendi</span> <span class='ocrx_word' id='word_1_57' title='bbox 1212 1282 1483 1352; x_wconf 81' lang='lat' dir='ltr'>formula</span> <span class='ocrx_word' id='word_1_58' title='bbox 1534 1278 1767 1348; x_wconf 83' lang='lat' dir='ltr'>deinde</span> <span class='ocrx_word' id='word_1_59' title='bbox 1813 1301 2067 1369; x_wconf 85' lang='lat' dir='ltr'>semper</span> <span class='ocrx_word' id='word_1_60' title='bbox 2111 1276 2247 1344; x_wconf 82' lang='lat' dir='ltr'>fere</span> <span class='ocrx_word' id='word_1_61' title='bbox 2286 1277 2352 1344; x_wconf 87' lang='lat' dir='ltr'>in</span> 
     </span>
     <span class='ocr_line' id='line_1_9' title="bbox 78 1389 2352 1484; baseline -0.003 -21"><span class='ocrx_word' id='word_1_62' title='bbox 78 1393 284 1463; x_wconf 87' lang='lat' dir='ltr'>titulis</span> <span class='ocrx_word' id='word_1_63' title='bbox 342 1404 409 1462; x_wconf 90' lang='lat' dir='ltr'>et</span> <span class='ocrx_word' id='word_1_64' title='bbox 463 1396 832 1464; x_wconf 79' lang='lat' dir='ltr'>auctoribus</span> <span class='ocrx_word' id='word_1_65' title='bbox 874 1396 1205 1468; x_wconf 76' lang='lat' dir='ltr'>laudandis</span> <span class='ocrx_word' id='word_1_66' title='bbox 1249 1419 1375 1466; x_wconf 87' lang='lat' dir='ltr'>usu</span> <span class='ocrx_word' id='word_1_67' title='bbox 1416 1406 1678 1484; x_wconf 85' lang='lat' dir='ltr'>recepta</span> <span class='ocrx_word' id='word_1_68' title='bbox 1719 1404 1850 1475; x_wconf 81' lang='lat' dir='ltr'>est,</span> <span class='ocrx_word' id='word_1_69' title='bbox 1907 1404 1980 1462; x_wconf 89' lang='lat' dir='ltr'>ut</span> <span class='ocrx_word' id='word_1_70' title='bbox 2035 1389 2132 1458; x_wconf 90' lang='lat' dir='ltr'>vel</span> <span class='ocrx_word' id='word_1_71' title='bbox 2176 1390 2352 1457; x_wconf 85' lang='lat' dir='ltr'>dica·</span> 
     </span>
    </p>
   </div>
   <div class='ocr_carea' id='block_1_6' title="bbox 78 1518 2351 1692">
    <p class='ocr_par' dir='ltr' id='par_1_6' title="bbox 78 1518 2351 1692">
     <span class='ocr_line' id='line_1_10' title="bbox 78 1518 2351 1692; baseline -0.002 -42"><span class='ocrx_word' id='word_1_72' title='bbox 78 1593 194 1650; x_wconf 88' lang='lat' dir='ltr'>tur</span> <span class='ocrx_word' id='word_1_73' title='bbox 238 1530 461 1692; x_wconf 49' lang='lat' dir='ltr'>{SQ</span> <span class='ocrx_word' id='word_1_74' title='bbox 498 1518 759 1690; x_wconf 45' lang='grc' dir='ltr'>ἐῷ·</span> <span class='ocrx_word' id='word_1_75' title='bbox 817 1604 987 1672; x_wconf 78' lang='lat' dir='ltr'>opus</span> <span class='ocrx_word' id='word_1_76' title='bbox 1029 1581 1362 1672; x_wconf 78' lang='lat' dir='ltr'>(aliquod)</span> <span class='ocrx_word' id='word_1_77' title='bbox 1421 1580 1716 1650; x_wconf 80' lang='lat' dir='ltr'>Tabarii</span> <span class='ocrx_word' id='word_1_78' title='bbox 1760 1591 1884 1650; x_wconf 86' lang='lat' dir='ltr'>etc.</span> <span class='ocrx_word' id='word_1_79' title='bbox 1924 1614 2011 1630; x_wconf 88' lang='lat'><em>-</em></span> <span class='ocrx_word' id='word_1_80' title='bbox 2097 1575 2351 1645; x_wconf 85' lang='lat' dir='ltr'>Eodem</span> 
     </span>
    </p>
   </div>
   <div class='ocr_carea' id='block_1_7' title="bbox 80 1727 2351 1888">
    <p class='ocr_par' dir='ltr' id='par_1_7' title="bbox 80 1727 2351 1888">
     <span class='ocr_line' id='line_1_11' title="bbox 80 1727 2351 1888; baseline 0.009 -37"><span class='ocrx_word' id='word_1_81' title='bbox 80 1807 125 1851; x_wconf 89' lang='lat' dir='ltr'>e</span> <span class='ocrx_word' id='word_1_82' title='bbox 171 1784 348 1854; x_wconf 84' lang='lat' dir='ltr'>sonte</span> <span class='ocrx_word' id='word_1_83' title='bbox 389 1783 772 1853; x_wconf 75' lang='lat' dir='ltr'>derivandae</span> <span class='ocrx_word' id='word_1_84' title='bbox 801 1784 1172 1868; x_wconf 87' lang='lat' dir='ltr'>locutiones,</span> <span class='ocrx_word' id='word_1_85' title='bbox 1197 1785 1417 1876; x_wconf 82' lang='lat' dir='ltr'>quales</span> <span class='ocrx_word' id='word_1_86' title='bbox 1450 1741 1550 1888; x_wconf 39' lang='grc' dir='ltr'><em>ᾗ</em></span> <span class='ocrx_word' id='word_1_87' title='bbox 1586 1727 1724 1871; x_wconf 59' lang='lat'>:53⁵3</span> <span class='ocrx_word' id='word_1_88' title='bbox 1744 1821 1769 1863; x_wconf 79' lang='lat'><em>2</em></span> <span class='ocrx_word' id='word_1_89' title='bbox 1826 1782 1938 1848; x_wconf 64' lang='lat' dir='ltr'>ubi</span> <span class='ocrx_word' id='word_1_90' title='bbox 1977 1780 2191 1849; x_wconf 64' lang='lat' dir='ltr'>Lafflfi</span> <span class='ocrx_word' id='word_1_91' title='bbox 2231 1803 2351 1870; x_wconf 66' lang='grc' dir='ltr'>ἔθ’</span> 
     </span>
    </p>
   </div>
   <div class='ocr_carea' id='block_1_8' title="bbox 77 1937 2353 2145">
    <p class='ocr_par' dir='ltr' id='par_1_8' title="bbox 77 1937 2353 2145">
     <span class='ocr_line' id='line_1_12' title="bbox 77 1937 2353 2028; baseline -0.001 -20"><span class='ocrx_word' id='word_1_92' title='bbox 77 1942 281 2010; x_wconf 83' lang='lat' dir='ltr'>nitivo</span> <span class='ocrx_word' id='word_1_93' title='bbox 339 1943 507 2010; x_wconf 85' lang='lat' dir='ltr'>bene</span> <span class='ocrx_word' id='word_1_94' title='bbox 545 1953 840 2012; x_wconf 83' lang='lat' dir='ltr'>utuntur:</span> <span class='ocrx_word' id='word_1_95' title='bbox 897 1966 1021 2008; x_wconf 85' lang='lat' dir='ltr'>nos</span> <span class='ocrx_word' id='word_1_96' title='bbox 1064 1965 1304 2011; x_wconf 79' lang='lat' dir='ltr'>sumus</span> <span class='ocrx_word' id='word_1_97' title='bbox 1348 1944 1464 2013; x_wconf 79' lang='lat' dir='ltr'>dei</span> <span class='ocrx_word' id='word_1_98' title='bbox 1481 1991 1501 2027; x_wconf 89' lang='lat'>‚</span> <span class='ocrx_word' id='word_1_99' title='bbox 1560 1943 1803 2011; x_wconf 82' lang='lat' dir='ltr'>Arabes</span> <span class='ocrx_word' id='word_1_100' title='bbox 1844 1937 2120 2028; x_wconf 80' lang='lat' dir='ltr'>genitivo</span> <span class='ocrx_word' id='word_1_101' title='bbox 2163 1938 2353 2006; x_wconf 81' lang='lat' dir='ltr'>abso-</span> 
     </span>
     <span class='ocr_line' id='line_1_13' title="bbox 77 2054 1345 2145; baseline 0.006 -26"><span class='ocrx_word' id='word_1_102' title='bbox 77 2054 220 2122; x_wconf 87' lang='lat' dir='ltr'>luto</span> <span class='ocrx_word' id='word_1_103' title='bbox 265 2067 560 2123; x_wconf 74' lang='lat' dir='ltr'>carentes</span> <span class='ocrx_word' id='word_1_104' title='bbox 613 2054 826 2123; x_wconf 88' lang='lat' dir='ltr'>dativo</span> <span class='ocrx_word' id='word_1_105' title='bbox 867 2057 961 2124; x_wconf 85' lang='lat' dir='ltr'>uti</span> <span class='ocrx_word' id='word_1_106' title='bbox 1003 2070 1345 2145; x_wconf 89' lang='lat' dir='ltr'>coguntur.</span> 
     </span>
    </p>
   </div>
   <div class='ocr_carea' id='block_1_9' title="bbox 255 2197 2352 2359">
    <p class='ocr_par' dir='ltr' id='par_1_9' title="bbox 255 2197 2352 2359">
     <span class='ocr_line' id='line_1_14' title="bbox 255 2197 2352 2359; baseline 0 -29"><span class='ocrx_word' id='word_1_107' title='bbox 255 2261 430 2331; x_wconf 88' lang='lat' dir='ltr'>Nota</span> <span class='ocrx_word' id='word_1_108' title='bbox 486 2284 604 2353; x_wconf 92' lang='lat' dir='ltr'>pro</span> <span class='ocrx_word' id='word_1_109' title='bbox 663 2197 824 2321; x_wconf 50' lang='lat' dir='ltr'>mr</span> <span class='ocrx_word' id='word_1_110' title='bbox 859 2213 957 2349; x_wconf 53' lang='lat' dir='ltr'>{Z</span> <span class='ocrx_word' id='word_1_111' title='bbox 1016 2255 1087 2323; x_wconf 68' lang='lat' dir='ltr'>[a</span> <span class='ocrx_word' id='word_1_112' title='bbox 1165 2269 1348 2359; x_wconf 79' lang='lat' dir='ltr'>quod</span> <span class='ocrx_word' id='word_1_113' title='bbox 1401 2267 1702 2356; x_wconf 80' lang='lat' dir='ltr'>dignum</span> <span class='ocrx_word' id='word_1_114' title='bbox 1755 2286 1831 2331; x_wconf 80' lang='lat' dir='ltr'>eo</span> <span class='ocrx_word' id='word_1_115' title='bbox 1876 2273 2016 2346; x_wconf 72' lang='lat' dir='ltr'>est,</span> <span class='ocrx_word' id='word_1_116' title='bbox 2046 2264 2185 2357; x_wconf 77' lang='lat' dir='ltr'>jam</span> <span class='ocrx_word' id='word_1_117' title='bbox 2227 2262 2352 2331; x_wconf 85' lang='lat' dir='ltr'>dici</span> 
     </span>
    </p>
   </div>
   <div class='ocr_carea' id='block_1_10' title="bbox 66 2389 2356 3136">
    <p class='ocr_par' dir='ltr' id='par_1_10' title="bbox 66 2389 2356 3136">
     <span class='ocr_line' id='line_1_15' title="bbox 536 2389 730 2427; baseline 0 -2"><span class='ocrx_word' id='word_1_118' title='bbox 536 2389 573 2425; x_wconf 72' lang='lat'><em>9</em></span> <span class='ocrx_word' id='word_1_119' title='bbox 667 2395 730 2427; x_wconf 73' lang='lat' dir='ltr'>,o</span> 
     </span>
     <span class='ocr_line' id='line_1_16' title="bbox 78 2437 2352 2543; baseline 0.001 -26"><span class='ocrx_word' id='word_1_120' title='bbox 78 2451 276 2519; x_wconf 86' lang='lat' dir='ltr'>etiam</span> <span class='ocrx_word' id='word_1_121' title='bbox 307 2472 498 2540; x_wconf 89' lang='lat' dir='ltr'>posse</span> <span class='ocrx_word' id='word_1_122' title='bbox 525 2437 646 2522; x_wconf 61' lang='grc' dir='ltr'>,μ’</span> <span class='ocrx_word' id='word_1_123' title='bbox 685 2439 742 2505; x_wconf 61' lang='lat'>⁸3</span> <span class='ocrx_word' id='word_1_124' title='bbox 766 2452 863 2531; x_wconf 53' lang='grc' dir='ltr'>,Α</span> <span class='ocrx_word' id='word_1_125' title='bbox 894 2439 963 2506; x_wconf 56' lang='lat' dir='ltr'>[a</span> <span class='ocrx_word' id='word_1_126' title='bbox 989 2451 1156 2521; x_wconf 81' lang='lat' dir='ltr'>Tab.</span> <span class='ocrx_word' id='word_1_127' title='bbox 1182 2477 1243 2543; x_wconf 87' lang='lat' dir='ltr'>p.</span> <span class='ocrx_word' id='word_1_128' title='bbox 1262 2454 1370 2534; x_wconf 79' lang='lat'>20,</span> <span class='ocrx_word' id='word_1_129' title='bbox 1411 2453 1494 2536; x_wconf 83' lang='grc'>3.,</span> <span class='ocrx_word' id='word_1_130' title='bbox 1536 2452 1624 2522; x_wconf 78' lang='lat' dir='ltr'>ita</span> <span class='ocrx_word' id='word_1_131' title='bbox 1663 2463 1737 2522; x_wconf 88' lang='lat' dir='ltr'>ut</span> <span class='ocrx_word' id='word_1_132' title='bbox 1775 2437 1896 2525; x_wconf 57' lang='lat' dir='ltr'>Ml</span> <span class='ocrx_word' id='word_1_133' title='bbox 1933 2473 2194 2542; x_wconf 81' lang='lat' dir='ltr'>prorsus</span> <span class='ocrx_word' id='word_1_134' title='bbox 2229 2450 2352 2519; x_wconf 67' lang='lat' dir='ltr'>ud-</span> 
     </span>
     <span class='ocr_line' id='line_1_17' title="bbox 66 2562 2354 2657; baseline -0.001 -26"><span class='ocrx_word' id='word_1_135' title='bbox 66 2563 295 2655; x_wconf 85' lang='lat' dir='ltr'>jectivi</span> <span class='ocrx_word' id='word_1_136' title='bbox 333 2565 480 2631; x_wconf 86' lang='lat' dir='ltr'>loco</span> <span class='ocrx_word' id='word_1_137' title='bbox 523 2564 856 2633; x_wconf 85' lang='lat' dir='ltr'>habeatur.</span> <span class='ocrx_word' id='word_1_138' title='bbox 952 2566 1226 2657; x_wconf 78' lang='lat' dir='ltr'>Proprie</span> <span class='ocrx_word' id='word_1_139' title='bbox 1275 2577 1459 2635; x_wconf 88' lang='lat' dir='ltr'>notat</span> <span class='ocrx_word' id='word_1_140' title='bbox 1498 2566 1810 2650; x_wconf 80' lang='lat' dir='ltr'>domum,</span> <span class='ocrx_word' id='word_1_141' title='bbox 1863 2566 1903 2632; x_wconf 85' lang='lat' dir='ltr'>i.</span> <span class='ocrx_word' id='word_1_142' title='bbox 1948 2587 2006 2633; x_wconf 88' lang='lat' dir='ltr'>e.</span> <span class='ocrx_word' id='word_1_143' title='bbox 2047 2562 2354 2632; x_wconf 74' lang='lat' dir='ltr'>homines</span> 
     </span>
     <span class='ocr_line' id='line_1_18' title="bbox 79 2674 1578 2771; baseline 0.005 -29"><span class='ocrx_word' id='word_1_144' title='bbox 79 2678 179 2743; x_wconf 90' lang='lat' dir='ltr'>rei</span> <span class='ocrx_word' id='word_1_145' title='bbox 222 2674 591 2768; x_wconf 85' lang='lat' dir='ltr'>cujusdam,</span> <span class='ocrx_word' id='word_1_146' title='bbox 642 2678 686 2746; x_wconf 85' lang='lat' dir='ltr'>i.</span> <span class='ocrx_word' id='word_1_147' title='bbox 727 2702 783 2747; x_wconf 87' lang='lat' dir='ltr'>e.</span> <span class='ocrx_word' id='word_1_148' title='bbox 827 2678 889 2746; x_wconf 91' lang='lat' dir='ltr'>ei</span> <span class='ocrx_word' id='word_1_149' title='bbox 928 2692 1149 2770; x_wconf 86' lang='lat' dir='ltr'>aptos,</span> <span class='ocrx_word' id='word_1_150' title='bbox 1206 2682 1284 2748; x_wconf 66' lang='lat' dir='ltr'>eti</span> <span class='ocrx_word' id='word_1_151' title='bbox 1323 2679 1578 2771; x_wconf 85' lang='lat' dir='ltr'>dignos.</span> 
     </span>
     <span class='ocr_line' id='line_1_19' title="bbox 256 2815 2350 2903; baseline 0.002 -22"><span class='ocrx_word' id='word_1_152' title='bbox 256 2815 569 2883; x_wconf 86' lang='lat' dir='ltr'>Ceterum</span> <span class='ocrx_word' id='word_1_153' title='bbox 626 2817 738 2884; x_wconf 89' lang='lat' dir='ltr'>ubi</span> <span class='ocrx_word' id='word_1_154' title='bbox 793 2818 991 2886; x_wconf 87' lang='lat' dir='ltr'>statui</span> <span class='ocrx_word' id='word_1_155' title='bbox 1034 2832 1403 2890; x_wconf 86' lang='lat' dir='ltr'>constructo</span> <span class='ocrx_word' id='word_1_156' title='bbox 1444 2820 1529 2886; x_wconf 89' lang='lat' dir='ltr'>nil</span> <span class='ocrx_word' id='word_1_157' title='bbox 1571 2820 1825 2903; x_wconf 83' lang='lat' dir='ltr'>obstat,</span> <span class='ocrx_word' id='word_1_158' title='bbox 1884 2843 2095 2890; x_wconf 87' lang='lat' dir='ltr'>sermo</span> <span class='ocrx_word' id='word_1_159' title='bbox 2138 2833 2350 2890; x_wconf 88' lang='lat' dir='ltr'>tamen</span> 
     </span>
     <span class='ocr_line' id='line_1_20' title="bbox 82 2926 2354 3024; baseline 0.002 -29"><span class='ocrx_word' id='word_1_160' title='bbox 82 2926 408 2996; x_wconf 82' lang='lat' dir='ltr'>diductior</span> <span class='ocrx_word' id='word_1_161' title='bbox 457 2928 548 2998; x_wconf 87' lang='lat' dir='ltr'>ita</span> <span class='ocrx_word' id='word_1_162' title='bbox 586 2929 828 2998; x_wconf 84' lang='lat' dir='ltr'>institui</span> <span class='ocrx_word' id='word_1_163' title='bbox 869 2942 1123 3021; x_wconf 86' lang='lat' dir='ltr'>potest,</span> <span class='ocrx_word' id='word_1_164' title='bbox 1182 2943 1257 3001; x_wconf 91' lang='lat' dir='ltr'>ut</span> <span class='ocrx_word' id='word_1_165' title='bbox 1295 2933 1472 3024; x_wconf 87' lang='lat' dir='ltr'>prius</span> <span class='ocrx_word' id='word_1_166' title='bbox 1518 2954 1751 2999; x_wconf 88' lang='lat' dir='ltr'>nomen</span> <span class='ocrx_word' id='word_1_167' title='bbox 1791 2955 1910 3023; x_wconf 84' lang='lat' dir='ltr'>per</span> <span class='ocrx_word' id='word_1_168' title='bbox 1948 2956 2022 3001; x_wconf 88' lang='lat' dir='ltr'>se</span> <span class='ocrx_word' id='word_1_169' title='bbox 2064 2946 2354 3023; x_wconf 80' lang='lat' dir='ltr'>ponatur,</span> 
     </span>
     <span class='ocr_line' id='line_1_21' title="bbox 81 3038 2356 3136; baseline 0.001 -27"><span class='ocrx_word' id='word_1_170' title='bbox 81 3063 363 3131; x_wconf 82' lang='lat' dir='ltr'>sequens</span> <span class='ocrx_word' id='word_1_171' title='bbox 417 3040 621 3109; x_wconf 83' lang='lat' dir='ltr'>laxius</span> <span class='ocrx_word' id='word_1_172' title='bbox 684 3056 1077 3116; x_wconf 77' lang='lat' dir='ltr'>annectatur.</span> <span class='ocrx_word' id='word_1_173' title='bbox 1193 3045 1430 3136; x_wconf 89' lang='lat' dir='ltr'>Neque</span> <span class='ocrx_word' id='word_1_174' title='bbox 1484 3045 1592 3114; x_wconf 88' lang='lat' dir='ltr'>hic</span> <span class='ocrx_word' id='word_1_175' title='bbox 1660 3045 2045 3136; x_wconf 80' lang='lat' dir='ltr'>praepositio</span> <span class='ocrx_word' id='word_1_176' title='bbox 2093 3038 2130 3114; x_wconf 67' lang='lat' dir='ltr'>d</span> <span class='ocrx_word' id='word_1_177' title='bbox 2151 3084 2175 3124; x_wconf 70' lang='lat'><em>9</em></span> <span class='ocrx_word' id='word_1_178' title='bbox 2239 3043 2356 3112; x_wconf 89' lang='lat' dir='ltr'>sed</span> 
     </span>
    </p>
   </div>
   <div class='ocr_carea' id='block_1_11' title="bbox 80 3170 2357 3343">
    <p class='ocr_par' dir='ltr' id='par_1_11' title="bbox 80 3170 2357 3343">
     <span class='ocr_line' id='line_1_22' title="bbox 357 3170 1570 3208; baseline 0.002 -4"><span class='ocrx_word' id='word_1_179' title='bbox 357 3170 391 3204; x_wconf 78' lang='lat'><strong>0</strong></span> <span class='ocrx_word' id='word_1_180' title='bbox 1007 3174 1042 3207; x_wconf 73' lang='grc'><strong>0</strong></span> <span class='ocrx_word' id='word_1_181' title='bbox 1150 3175 1188 3206; x_wconf 67' lang='grc' dir='ltr'>οἱ</span> <span class='ocrx_word' id='word_1_182' title='bbox 1239 3173 1272 3208; x_wconf 78' lang='grc'><strong>0</strong></span> <span class='ocrx_word' id='word_1_183' title='bbox 1423 3190 1451 3206; x_wconf 70' lang='lat' dir='ltr'>e</span> <span class='ocrx_word' id='word_1_184' title='bbox 1491 3174 1570 3206; x_wconf 67' lang='grc' dir='ltr'><em>οο</em></span> 
     </span>
     <span class='ocr_line' id='line_1_23' title="bbox 80 3207 2357 3343; baseline 0 -48"><span class='ocrx_word' id='word_1_185' title='bbox 80 3229 299 3319; x_wconf 85' lang='lat' dir='ltr'>potius</span> <span class='ocrx_word' id='word_1_186' title='bbox 340 3255 432 3332; x_wconf 55' lang='lat' dir='ltr'>a:</span> <span class='ocrx_word' id='word_1_187' title='bbox 473 3251 597 3298; x_wconf 85' lang='lat' dir='ltr'>usu</span> <span class='ocrx_word' id='word_1_188' title='bbox 632 3232 832 3315; x_wconf 86' lang='lat' dir='ltr'>venit,</span> <span class='ocrx_word' id='word_1_189' title='bbox 875 3245 951 3302; x_wconf 88' lang='lat' dir='ltr'>ut</span> <span class='ocrx_word' id='word_1_190' title='bbox 989 3207 1170 3337; x_wconf 43' lang='lat' dir='ltr'>fag-⁶</span> <span class='ocrx_word' id='word_1_191' title='bbox 1216 3237 1311 3332; x_wconf 56' lang='lat'>&amp;2</span> <span class='ocrx_word' id='word_1_192' title='bbox 1356 3226 1628 3343; x_wconf 52' lang='lat' dir='ltr'>led-xm,</span> <span class='ocrx_word' id='word_1_193' title='bbox 1681 3229 1759 3295; x_wconf 86' lang='lat' dir='ltr'>in</span> <span class='ocrx_word' id='word_1_194' title='bbox 1789 3228 2203 3319; x_wconf 74' lang='lat' dir='ltr'>praesenti-d</span> <span class='ocrx_word' id='word_1_195' title='bbox 2242 3252 2357 3296; x_wconf 83' lang='lat' dir='ltr'>re-</span> 
     </span>
    </p>
   </div>
   <div class='ocr_carea' id='block_1_12' title="bbox 74 3388 2351 4030">
    <p class='ocr_par' dir='ltr' id='par_1_12' title="bbox 74 3388 2351 4030">
     <span class='ocr_line' id='line_1_24' title="bbox 74 3388 2350 3483; baseline 0.001 -31"><span class='ocrx_word' id='word_1_196' title='bbox 74 3388 199 3476; x_wconf 75' lang='lat' dir='ltr'>gis</span> <span class='ocrx_word' id='word_1_197' title='bbox 252 3409 491 3455; x_wconf 80' lang='lat' dir='ltr'>eorum</span> <span class='ocrx_word' id='word_1_198' title='bbox 551 3390 662 3478; x_wconf 90' lang='lat' dir='ltr'>(ut</span> <span class='ocrx_word' id='word_1_199' title='bbox 700 3392 847 3483; x_wconf 86' lang='lat' dir='ltr'>gall.</span> <span class='ocrx_word' id='word_1_200' title='bbox 909 3393 996 3460; x_wconf 82' lang='lat' dir='ltr'>de</span> <span class='ocrx_word' id='word_1_201' title='bbox 1049 3394 1190 3459; x_wconf 85' lang='lat' dir='ltr'>leur</span> <span class='ocrx_word' id='word_1_202' title='bbox 1230 3392 1362 3472; x_wconf 86' lang='lat' dir='ltr'>roi,</span> <span class='ocrx_word' id='word_1_203' title='bbox 1432 3412 1638 3481; x_wconf 84' lang='lat' dir='ltr'>germ.</span> <span class='ocrx_word' id='word_1_204' title='bbox 1682 3390 1748 3456; x_wconf 88' lang='lat' dir='ltr'>in</span> <span class='ocrx_word' id='word_1_205' title='bbox 1790 3388 2184 3475; x_wconf 78' lang='lat' dir='ltr'>Gegenvvart</span> <span class='ocrx_word' id='word_1_206' title='bbox 2222 3412 2350 3454; x_wconf 76' lang='lat' dir='ltr'>von</span> 
     </span>
     <span class='ocr_line' id='line_1_25' title="bbox 82 3500 2351 3595; baseline -0.001 -27"><span class='ocrx_word' id='word_1_207' title='bbox 82 3501 406 3569; x_wconf 86' lang='lat' dir='ltr'>diductius</span> <span class='ocrx_word' id='word_1_208' title='bbox 466 3500 698 3572; x_wconf 89' lang='lat' dir='ltr'>dicitur</span> <span class='ocrx_word' id='word_1_209' title='bbox 757 3528 876 3595; x_wconf 88' lang='lat' dir='ltr'>pro</span> <span class='ocrx_word' id='word_1_210' title='bbox 931 3504 1250 3595; x_wconf 85' lang='lat' dir='ltr'>genitivo)</span> <span class='ocrx_word' id='word_1_211' title='bbox 1311 3504 1523 3575; x_wconf 82' lang='lat' dir='ltr'>Abulf.</span> <span class='ocrx_word' id='word_1_212' title='bbox 1584 3526 1727 3573; x_wconf 84' lang='lat' dir='ltr'>ann.</span> <span class='ocrx_word' id='word_1_213' title='bbox 1786 3510 1914 3568; x_wconf 79' lang='lat' dir='ltr'>ant.</span> <span class='ocrx_word' id='word_1_214' title='bbox 1977 3522 2038 3589; x_wconf 89' lang='lat' dir='ltr'>p.</span> <span class='ocrx_word' id='word_1_215' title='bbox 2087 3501 2245 3581; x_wconf 81' lang='lat'>164,</span> <span class='ocrx_word' id='word_1_216' title='bbox 2289 3502 2351 3567; x_wconf 87' lang='grc'>4.</span> 
     </span>
     <span class='ocr_line' id='line_1_26' title="bbox 80 3615 2350 3707; baseline -0.001 -24"><span class='ocrx_word' id='word_1_217' title='bbox 80 3617 214 3684; x_wconf 89' lang='lat' dir='ltr'>Hic</span> <span class='ocrx_word' id='word_1_218' title='bbox 252 3638 465 3683; x_wconf 86' lang='lat' dir='ltr'>sermo</span> <span class='ocrx_word' id='word_1_219' title='bbox 509 3615 830 3687; x_wconf 86' lang='lat' dir='ltr'>diductior</span> <span class='ocrx_word' id='word_1_220' title='bbox 872 3631 940 3688; x_wconf 89' lang='lat' dir='ltr'>et</span> <span class='ocrx_word' id='word_1_221' title='bbox 979 3616 1408 3707; x_wconf 71' lang='lat' dir='ltr'>negligentior</span> <span class='ocrx_word' id='word_1_222' title='bbox 1450 3615 1538 3685; x_wconf 83' lang='lat' dir='ltr'>ad</span> <span class='ocrx_word' id='word_1_223' title='bbox 1578 3615 2004 3684; x_wconf 80' lang='lat' dir='ltr'>recentiorum</span> <span class='ocrx_word' id='word_1_224' title='bbox 2045 3615 2350 3704; x_wconf 83' lang='lat' dir='ltr'>Europae</span> 
     </span>
     <span class='ocr_line' id='line_1_27' title="bbox 81 3727 2346 3824; baseline -0.003 -26"><span class='ocrx_word' id='word_1_225' title='bbox 81 3730 442 3819; x_wconf 80' lang='lat' dir='ltr'>linguarum</span> <span class='ocrx_word' id='word_1_226' title='bbox 497 3729 776 3800; x_wconf 87' lang='lat' dir='ltr'>indolem</span> <span class='ocrx_word' id='word_1_227' title='bbox 829 3731 1101 3800; x_wconf 86' lang='lat' dir='ltr'>idoneus</span> <span class='ocrx_word' id='word_1_228' title='bbox 1155 3732 1224 3800; x_wconf 84' lang='lat' dir='ltr'>in</span> <span class='ocrx_word' id='word_1_229' title='bbox 1269 3736 1468 3824; x_wconf 65' lang='lat' dir='ltr'>prosa</span> <span class='ocrx_word' id='word_1_230' title='bbox 1506 3754 1724 3812; x_wconf 82' lang='lat' dir='ltr'>rarus,</span> <span class='ocrx_word' id='word_1_231' title='bbox 1783 3751 1826 3795; x_wconf 83' lang='lat' dir='ltr'>a</span> <span class='ocrx_word' id='word_1_232' title='bbox 1864 3727 2071 3817; x_wconf 88' lang='lat' dir='ltr'>poetis</span> <span class='ocrx_word' id='word_1_233' title='bbox 2112 3739 2346 3806; x_wconf 80' lang='lat' dir='ltr'>tamen,</span> 
     </span>
     <span class='ocr_line' id='line_1_28' title="bbox 81 3844 2346 3939; baseline 0.004 -27"><span class='ocrx_word' id='word_1_234' title='bbox 81 3844 191 3912; x_wconf 84' lang='lat' dir='ltr'>ubi</span> <span class='ocrx_word' id='word_1_235' title='bbox 233 3867 274 3911; x_wconf 87' lang='lat' dir='ltr'>e</span> <span class='ocrx_word' id='word_1_236' title='bbox 313 3856 522 3914; x_wconf 84' lang='lat' dir='ltr'>metro</span> <span class='ocrx_word' id='word_1_237' title='bbox 563 3857 783 3939; x_wconf 85' lang='lat' dir='ltr'>aptum</span> <span class='ocrx_word' id='word_1_238' title='bbox 828 3846 1151 3917; x_wconf 88' lang='lat' dir='ltr'>videretur</span> <span class='ocrx_word' id='word_1_239' title='bbox 1168 3897 1191 3932; x_wconf 80' lang='grc'><em>,</em></span> <span class='ocrx_word' id='word_1_240' title='bbox 1257 3849 1366 3918; x_wconf 86' lang='lat' dir='ltr'>hic</span> <span class='ocrx_word' id='word_1_241' title='bbox 1419 3847 1545 3916; x_wconf 88' lang='lat' dir='ltr'>illic</span> <span class='ocrx_word' id='word_1_242' title='bbox 1600 3845 2041 3934; x_wconf 82' lang='lat' dir='ltr'>frequentatus</span> <span class='ocrx_word' id='word_1_243' title='bbox 2085 3851 2216 3922; x_wconf 75' lang='lat' dir='ltr'>est,</span> <span class='ocrx_word' id='word_1_244' title='bbox 2273 3849 2346 3908; x_wconf 67' lang='lat'>¹¹²</span> 
     </span>
     <span class='ocr_line' id='line_1_29' title="bbox 80 3957 676 4030; baseline 0.008 -5"><span class='ocrx_word' id='word_1_245' title='bbox 80 3957 305 4026; x_wconf 71' lang='lat' dir='ltr'>&#39;l&#39;arafi</span> <span class='ocrx_word' id='word_1_246' title='bbox 347 3959 438 4027; x_wconf 89' lang='grc' dir='ltr'>Μ.</span> <span class='ocrx_word' id='word_1_247' title='bbox 478 3983 535 4028; x_wconf 90' lang='lat' dir='ltr'>v.</span> <span class='ocrx_word' id='word_1_248' title='bbox 572 3962 676 4030; x_wconf 85' lang='lat'>50.</span> 
     </span>
    </p>
   </div>
   <div class='ocr_carea' id='block_1_13' title="bbox 84 4067 2345 4306">
    <p class='ocr_par' dir='ltr' id='par_1_13' title="bbox 84 4067 2345 4306">
     <span class='ocr_line' id='line_1_30' title="bbox 244 4067 2344 4191; baseline -0.001 -26"><span class='ocrx_word' id='word_1_249' title='bbox 244 4097 309 4166; x_wconf 77' lang='lat'>3.</span> <span class='ocrx_word' id='word_1_250' title='bbox 351 4067 707 4170; x_wconf 81' lang='lat' dir='ltr'>Praeterea</span> <span class='ocrx_word' id='word_1_251' title='bbox 759 4099 1012 4191; x_wconf 88' lang='lat' dir='ltr'>saepius</span> <span class='ocrx_word' id='word_1_252' title='bbox 1073 4087 1114 4167; x_wconf 61' lang='grc' dir='ltr'><em>ὃ</em></span> <span class='ocrx_word' id='word_1_253' title='bbox 1158 4117 1294 4190; x_wconf 85' lang='lat' dir='ltr'>pro¹</span> <span class='ocrx_word' id='word_1_254' title='bbox 1327 4097 1695 4168; x_wconf 85' lang='lat' dir='ltr'>accusativo</span> <span class='ocrx_word' id='word_1_255' title='bbox 1736 4097 2079 4189; x_wconf 85' lang='lat' dir='ltr'>participiis</span> <span class='ocrx_word' id='word_1_256' title='bbox 2131 4107 2198 4165; x_wconf 89' lang='lat' dir='ltr'>et</span> <span class='ocrx_word' id='word_1_257' title='bbox 2249 4098 2344 4162; x_wconf 86' lang='lat' dir='ltr'>in-</span> 
     </span>
     <span class='ocr_line' id='line_1_31' title="bbox 84 4210 2345 4306; baseline 0 -30"><span class='ocrx_word' id='word_1_258' title='bbox 84 4210 334 4280; x_wconf 80' lang='lat' dir='ltr'>finitivis</span> <span class='ocrx_word' id='word_1_259' title='bbox 366 4213 584 4283; x_wconf 84' lang='lat' dir='ltr'>activis</span> <span class='ocrx_word' id='word_1_260' title='bbox 614 4215 934 4304; x_wconf 85' lang='lat' dir='ltr'>jungitur,</span> <span class='ocrx_word' id='word_1_261' title='bbox 974 4211 1246 4296; x_wconf 87' lang='lat' dir='ltr'>sublato,</span> <span class='ocrx_word' id='word_1_262' title='bbox 1290 4211 1399 4303; x_wconf 84' lang='lat' dir='ltr'>qui</span> <span class='ocrx_word' id='word_1_263' title='bbox 1442 4212 1765 4306; x_wconf 83' lang='lat' dir='ltr'>proximus</span> <span class='ocrx_word' id='word_1_264' title='bbox 1810 4222 1941 4294; x_wconf 83' lang='lat' dir='ltr'>cst,</span> <span class='ocrx_word' id='word_1_265' title='bbox 1982 4232 2101 4300; x_wconf 82' lang='lat' dir='ltr'>per</span> <span class='ocrx_word' id='word_1_266' title='bbox 2116 4210 2345 4299; x_wconf 85' lang='lat' dir='ltr'>geniti-</span> 
     </span>
    </p>
   </div>
  </div>
 </body>
</html>
