2675 4692
329 214 472 284 112
1104 204 1221 275 De
1271 203 1496 281 verbo
1541 207 1770 321 finito.

324 477 449 526 nec
473 478 601 526 non
626 460 837 527 omnia
860 458 1025 529 haec
1049 418 1156 547 §if
1186 448 1259 514 [α
1286 461 1675 543 nonduin,
1717 418 1844 562 {gs}
1860 448 1961 538 1⁴⁰,
1998 416 2104 560 &J
2132 446 2205 512 [α
2238 470 2309 528 et
2337 402 2598 520 3:3¹-

327 612 468 654 non
518 587 777 674 defecit
834 591 876 659 i.
911 616 968 659 e.
1023 593 1413 661 continuavit
1471 592 1690 660 facere
1745 615 1952 681 usque
1996 589 2077 658 ad
2120 591 2439 679 temporis
2480 602 2600 656 ter·

324 701 599 782 minum,
672 714 744 771 ut
801 706 1008 773 Abulf.
1071 730 1216 773 ann.
1275 705 1359 773 Τ.
1396 707 1453 771 1.
1495 731 1557 796 p.
1591 706 1734 773 1⁷6.
1775 706 1943 773 '122
1988 730 2047 794 p.
2079 705 2182 783 18,
2226 704 2288 769 8.
2349 703 2467 780 36,
2512 701 2601 767 13.

322 815 446 899 38,
490 818 555 883 6.
595 817 720 900 42,
767 819 851 886 10
890 830 1012 887 etc.
1097 820 1280 887 Caab
1327 821 1389 885 b.
1429 819 1508 886 Z.
1549 843 1604 885 v.
1630 819 1735 886 43.
1777 819 1919 887 Ibn.
1956 818 2166 887 Khac.
2206 840 2272 905 p.
2299 815 2418 895 33,
2464 816 2530 881 6.

184 1032 295 1083 623
488 1009 566 1094 c)
609 1008 912 1098 Denique
955 1009 1166 1079 omnia
1207 1010 1403 1077 verba
1442 1008 1572 1076 huc
1611 1010 1962 1098 pertinent,
2019 1030 2191 1097 quae
2233 1005 2606 1095 simpliciter

321 1141 502 1201 esse,
527 1117 713 1207 fieri
755 1121 1097 1204 denotant,
1138 1120 1238 1188 vel
1264 1122 1537 1187 versari
1579 1133 1871 1211 tempore
1907 1120 2187 1211 quodam
2216 1120 2351 1186 hoc
2379 1116 2607 1185 illudve

320 1233 603 1321 agendo.
718 1234 890 1303 Nam
946 1235 1109 1302 haec
1164 1234 1373 1300 omnia
1430 1233 1805 1325 imperfecto
1868 1235 2187 1303 actionem
2246 1243 2424 1299 statu
2486 1230 2605 1296 hoe

320 1358 680 1414 versantem
740 1346 1149 1416 describente
1216 1348 1506 1437 proxime
1571 1347 1987 1436 complentur.
2124 1344 2605 1434 Frequentissi-

320 1525 494 1570 mum
534 1503 723 1595 hujus
765 1507 1028 1594 generis
1074 1517 1175 1575 est
1213 1506 1422 1596 ipsum
1468 1463 1632 1587 ὣς,
1688 1525 1817 1595 quo
1857 1504 2305 1609 imperfectum
2366 1500 2603 1591 simpli-

319 1661 480 1729 citer
536 1661 608 1728 in·
659 1664 1071 1751 praeteritum
1128 1664 1509 1732 transfertur
1575 1662 1641 1754 S.
1682 1665 1845 1747 2083
1906 1623 2035 1749 ἑὼ
2078 1664 2293 1750 magis
2335 1660 2603 1729 denotat

313 1771 489 1862 fieri
544 1785 903 1862 agentem,
974 1797 1093 1843 seu
1146 1776 1447 1865 coepisse
1488 1798 1701 1868 agere
1744 1775 1953 1844 Abulf.
1996 1797 2138 1842 ann.
2182 1786 2316 1844 ant.
2364 1798 2432 1863 p.
2461 1773 2605 1853 132,

315 1971 497 2058 pen„
573 1949 671 2019 uti
729 1960 799 2018 et
863 1951 1068 2018 rarius
1134 1950 1400 2017 verbum
1460 1937 1606 2030 ωᾶς
1692 1950 1814 2017 alia
1877 1973 1916 2019 a
1972 1950 2278 2041 temporis
2338 1949 2603 2040 proprie

938 2079 1299 2113 oooooo

314 2146 553 2225 puncto
595 2134 892 2206 desumta
927 2126 1116 2235 (ΜΛ,
1164 2126 1331 2225 gual
1381 2137 1531 2205 Sur.
1561 2136 1672 2220 46,
1712 2137 1817 2204 25.
1867 2147 1992 2206 etc.
2028 2160 2087 2201 v.
2131 2136 2304 2203 infra
2364 2135 2436 2227 S.
2472 2138 2601 2204 651

319 2249 632 2339 explicita.

178 2472 289 2524 624
482 2440 544 2506 2.
607 2437 843 2506 Modus
893 2437 1233 2521 napbatus
1273 2463 1389 2508 seu
1429 2438 1745 2529 obliquus
1786 2440 1883 2506 vel
1929 2438 2424 2530 subjunctivus
2486 2461 2597 2506 cu·

303 2551 412 2643 jus
453 2552 536 2619 sit
570 2550 836 2629 indolis,
896 2549 962 2643 §-
993 2555 1122 2620 209
1166 2552 1501 2621 universim
1544 2554 1783 2620 dictum
1827 2565 1945 2621 est.
2048 2553 2142 2619 Ut
2183 2553 2594 2621 accusativus

312 2687 451 2732 rem
510 2664 594 2730 ab
661 2664 914 2732 actione
972 2676 1211 2733 tactam
1265 2666 1362 2733 vel
1415 2679 1685 2749 motam,
1750 2667 1841 2734 ita
1895 2664 2336 2756 subjunctivus
2380 2665 2442 2731 ei
2484 2686 2595 2730 re-

314 2774 639 2867 spondens
679 2777 1000 2844 actionem
1018 2789 1216 2860 notat,
1257 2801 1426 2868 quae
1438 2791 1511 2847 ut
1552 2781 1684 2861 fiat,
1728 2780 1811 2847 ab
1854 2778 1973 2846 alia
2000 2801 2075 2845 re
2114 2789 2439 2858 movetur,
2478 2795 2593 2843 seu

317 2912 488 2980 quae
532 2888 832 2957 facienda
875 2887 1128 2956 aliunde
1167 2888 1405 2980 pendet
1450 2903 1518 2960 et
1558 2891 1678 2959 alio
1716 2914 1794 2960 se
1833 2891 2051 2959 refert.
2135 2890 2322 2958 Actio
2362 2911 2485 2980 per
2524 2911 2597 2955 se

314 3025 570 3095 semper
593 3001 945 3093 facienda
988 3003 1416 3085 est‚-futura;
1451 3004 1569 3072 sed
1604 3005 1845 3072 sistitur
1886 3015 1960 3072 ut
1998 3005 2082 3070 ab
2124 3001 2245 3070 alia
2284 3023 2361 3070 re
2394 3013 2590 3081 mota,

317 3120 780 3188 conditionibus
824 3126 889 3184 et
933 3118 1425 3205 consequentiae
1467 3140 1680 3186 rerum
1721 3117 2028 3208 subjecta.
2113 3115 2295 3182 Hinc
2336 3115 2414 3182 fit
2436 3166 2457 3194 ‚
2522 3125 2593 3182 ut

315 3232 510 3301 latino
582 3230 982 3321 conjunctivo
1057 3247 1201 3297 cum
1260 3229 1569 3320 particula
1623 3242 1706 3296 ut
1766 3229 2175 3318 respondeat.
2308 3225 2451 3295 sed
2523 3238 2593 3294 ut

314 3348 380 3413 in
437 3345 691 3411 nomine
752 3366 943 3411 casus
1000 3341 1291 3431 obliquus
1357 3365 1435 3410 ex
1477 3344 1804 3420 semiticae
1847 3344 2108 3431 linguae
2146 3339 2367 3409 indole
2408 3361 2591 3431 prae-

315 3459 467 3548 poni
522 3457 741 3546 nequit
808 3467 1112 3544 totusque
1167 3477 1207 3521 a
1273 3455 1722 3546 subjunctione
1781 3455 2058 3545 pendet,
2120 3455 2214 3522 ita
2270 3475 2398 3521 nec
2454 3475 2587 3522 no-

317 3568 440 3637 dus
482 3568 588 3635 hic
627 3568 934 3654 nacbatus
976 3591 1095 3658 per
1134 3593 1210 3637 se
1250 3569 1347 3637 vel
1394 3570 1477 3637 ab
1532 3570 1711 3637 initio
1766 3569 2076 3636 sermonis
2135 3578 2313 3636 stare
2355 3576 2587 3656 potest,

317 3681 435 3750 sed
478 3681 1021 3772 conjunctionibus
1062 3694 1308 3751 tantum
1338 3682 1586 3750 idoneis
1609 3682 1982 3773 subjunctus
2006 3682 2348 3772 reperitur.
2406 3681 2589 3747 Mon·

318 3793 647 3863 strandum
677 3794 814 3883 jam
853 3793 921 3860 id
963 3817 1081 3885 per
1121 3795 1410 3883 singula:

176 4013 285 4064 625
487 3987 565 4072 1)
609 3985 1195 4074 Frequentissimus
1254 3986 1390 4077 ejus
1449 4007 1600 4054 usus
1656 3996 1756 4054 est
1811 3997 1961 4075 post
2025 3982 2381 4074 simplicem
2439 4004 2589 4051 con·

303 4173 698 4262 junctionem
735 4101 831 4252 ἐξ
852 4184 969 4253 ut,
1012 4173 1067 4241 si
1108 4173 1303 4240 verba
1344 4171 1679 4241 voluntatis
1720 4168 2150 4261 praecedunt,
2210 4183 2284 4240 ut
2322 4102 2423 4252 Ξῖ
2445 4099 2589 4254 «3215
