2675 4692
234 1599 303 1648 15

329 321 379 392 8
1201 305 1742 402 Prolegomena'.

332 513 607 582 moxque
663 492 1012 560 Islamismo
1066 510 1292 557 reeens
1349 498 1502 556 nato
1547 489 1614 554 in
1654 488 1881 557 veteris
1922 489 2241 577 religionis
2287 501 2352 559 et
2391 491 2603 558 cultu-

332 627 446 671 rae
506 614 916 673 monumenta
971 606 1207 672 acerbe
1261 612 1600 692 grassante
1614 652 1635 683 ,
1727 602 2202 691 Himjaritarum
2261 601 2482 670 literae
2537 616 2608 672 et

334 719 647 807 scripturn
701 728 832 787 tam
873 716 1263 808 deplorabile
1309 736 1542 806 passae
1597 726 1747 782 sunt
1787 693 2229 785 detrimentum
2244 768 2263 799 ,
2311 729 2381 786 ut
2421 718 2608 786 Moss-

333 831 480 898 lemi
520 833 659 922 jam
712 830 976 901 secundi
1020 843 1089 901 et
1126 829 1296 899 tertii
1337 827 1539 896 seculi
1581 828 1730 895 nihil
1770 852 1845 896 se
1887 828 1970 897 de
2010 830 2489 922 Himjaritarum
2533 832 2609 899 li-

335 943 488 1013 teris
528 956 595 1014 et
634 945 946 1036 scriptura
987 943 1288 1036 peculiari
1339 942 1501 1035 certi
1549 942 1716 1010 scire
1761 943 2213 1033 profiteantun
2271 945 2612 1013 characte-

1046 1046 1261 1080 ³002&

335 1126 471 1171 rem
529 1115 742 1173 autem
796 1105 967 1173 hunc
1025 1090 1223 1169 Μ’
1297 1101 1373 1169 iis
1418 1098 1659 1169 dictum
1701 1126 1887 1170 nemo
1928 1126 2000 1172 se
2039 1102 2410 1171 intellexisse
2454 1126 2612 1193 pro-

338 1219 450 1285 bet
479 1216 568 1305 ¹).
651 1217 868 1285 Unum
907 1241 985 1284 ex
1022 1216 1119 1285 his
1160 1216 1288 1283 hoc
1330 1226 1609 1297 certum,
1652 1216 2000 1306 Himjaritis
2034 1216 2374 1305 antiquitus
2409 1214 2615 1282 fuisse

336 1330 549 1397 literas
606 1331 688 1396 ab
750 1332 1020 1400 arabicis
1082 1329 1423 1398 islamiticis
1486 1329 1638 1397 satis
1681 1328 1996 1412 diversas,
2077 1340 2149 1396 ut
2183 1328 2257 1395 iis
2311 1327 2615 1416 legendis

337 1443 611 1533 impares
654 1455 867 1512 essent
905 1444 1211 1513 Moslemi.

511 1584 650 1653 Sed
705 1589 787 1654 ab
850 1588 1049 1656 altera
1111 1586 1387 1654 Arabiae
1434 1592 1620 1674 parte
1664 1581 1977 1671 scriptura
2015 1581 2082 1649 in
2123 1556 2426 1650 tractibus
2470 1581 2619 1647 Ro·-

342 1721 529 1766 mano
602 1710 668 1768 et
718 1699 986 1768 Persico
1049 1699 1316 1788 imperio
1374 1696 1675 1786 subjectis
1735 1695 1832 1763 vel
1890 1695 2153 1761 foedere
2201 1694 2438 1785 junctis
2484 1718 2622 1760 non

344 1813 549 1880 minus
610 1812 842 1882 usitata
899 1825 1034 1895 est,
1095 1812 1301 1879 Hirae
1357 1810 1689 1900 imprimis,
1745 1819 1818 1877 ut
1875 1809 2116 1876 Arabes
2157 1807 2472 1874 Islamitici
2523 1809 2622 1873 se-

343 1937 525 2009 runt,
569 1939 636 1994 et
673 1928 944 2009 Anbar-i,
1005 1924 1252 2015 oppidis
1294 1923 1649 1992 illustribus.
1733 1922 1826 1988 Hi
1867 1921 2032 1988 enim
2071 1931 2312 1988 tractus
2354 1921 2463 2015 ob,
2483 1921 2624 1987 cul-

345 2053 480 2108 tum
542 2040 756 2129 gentis
825 2040 1302 2108 eminentiorem
1358 2038 1783 2126 frequensque
1836 2058 1985 2103 cum
2025 2033 2255 2102 exteris
2303 2056 2624 2099 commer-

349 2156 516 2221 cium
576 2155 929 2245 scripturae
995 2175 1147 2220 usus
1204 2175 1399 2241 quam
1476 2150 1558 2218 sit
1619 2149 2013 2216 necessarius
2076 2147 2382 2215 maturius
2439 2147 2624 2213 haud

349 2263 542 2332 dubie
589 2278 939 2335 senserunt.
1061 2264 1163 2335 Ibi
1214 2287 1367 2333 vero
1431 2286 1556 2353 qua
1600 2272 1812 2329 aetate
1852 2262 2169 2351 scriptura
2211 2261 2502 2357 primum‘
2524 2261 2627 2325 in·-

349 2378 647 2447 troducta
698 2392 765 2449 et
803 2389 1160 2470 propagata
1200 2378 1317 2459 sit,
1375 2398 1668 2466 quaeque
1711 2375 1845 2466 ejus
1892 2375 2083 2442 fuerit
2124 2372 2401 2454 indoles,
2469 2394 2626 2439 cum

350 2503 757 2560 monumenta
821 2494 954 2584 ejus
1019 2490 1185 2558 nulla
1241 2470 1559 2579 supersint
1621 2500 1799 2556 certo
1863 2486 2107 2554 definiri
2149 2486 2386 2575 nequit.
2516 2487 2631 2554 Ex

350 2606 582 2674 Arabia
641 2605 901 2694 quidem
959 2604 1144 2671 felice
1186 2625 1329 2668 eam
1371 2603 1700 2681 Anbaren‚
1757 2599 1987 2666 exinde
2031 2600 2254 2665 Hiram
2299 2621 2444 2665 esse
2485 2608 2628 2665 tra·

320 2717 614 2791 ductam
652 2720 896 2785 Arabes
942 2714 1206 2784 tradunt
1258 2714 1579 2782 Islamitici
1625 2712 1739 2801 ²);
1806 2712 1924 2779 sed
1984 2710 2053 2780 id
2105 2713 2348 2779 incerta
2405 2712 2634 2779 nititur

353 2832 646 2923 opinione
707 2829 791 2898 de
844 2829 1291 2922 himjariticae,
1377 2849 1544 2917 quae
1598 2826 2030 2915 antiquissima
2090 2836 2157 2894 et
2209 2824 2409 2892 Hudo
2470 2848 2632 2914 pro-

440 3060 501 3125 1)
550 3058 824 3111 memoires
872 3058 905 3107 Ι.
942 3070 989 3107 c.
1046 3073 1096 3123 p.
1127 3054 1237 3107 264
1269 3069 1383 3120 sqq.
1468 3051 1608 3105 HInc
1655 3053 1823 3122 ipsum
1857 3068 2043 3106 nomen
2077 3050 2369 3105 almus-uad
2398 3054 2638 3122 scriptu-

567 3166 677 3203 tam
721 3146 880 3201 haud
907 3144 1196 3218 genuinam
1232 3141 1384 3211 (vere
1418 3143 1700 3210 arabicam)
1722 3180 1739 3209 ‚
1793 3144 2118 3212 peregrinam
2164 3142 2259 3212 (cs.
2297 3144 2448 3197 Kam.
2490 3147 2637 3214 lex.)

567 3240 858 3304 significare
909 3236 1145 3300 videtur3
1201 3251 1318 3289 nam
1354 3250 1556 3287 omnem
1591 3236 1904 3303 scripturam·
1931 3236 2195 3302 ignotam,
2260 3242 2317 3287 ut
2353 3240 2641 3305 aegyptia-

568 3347 712 3396 cam,
777 3327 977 3382 Arabes
1024 3326 1285 3380 Isltmitici
1332 3323 1622 3377 almumad
1659 3323 1921 3379 nominant
1982 3327 2065 3379 vel
2109 3325 2508 3423 hitpjarensem,
2581 3336 2643 3383 ut

571 3468 801 3536 quumvis
830 3461 1161 3535 ‘peregrinam
1198 3460 1459 3530 linguam,
1493 3461 1745 3530 persicam
1779 3460 2128 3530 potissimum,
2166 3423 2359 3547 :34:3⁶3
2420 3464 2488 3518 de
2523 3483 2645 3535 quo

571 3600 789 3657 nominis
826 3597 1117 3649 almusnacl
1150 3614 1247 3651 usu
1284 3613 1331 3651 v.
1368 3600 1484 3652 loca
1518 3598 1654 3666 apud
1692 3599 1831 3663 Saey
1875 3597 1928 3650 in
1961 3599 2232 3655 memoires
2275 3602 2309 3655 Ι.
2336 3619 2381 3656 c.
2437 3622 2488 3673 p.
2521 3608 2638 3659 271

571 3710 685 3760 sqq.
774 3689 1040 3743 Hamaker
1084 3687 1258 3741 adnot.
1309 3687 1376 3741 ad
1424 3687 1639 3740 Waked.
1691 3688 1822 3752 Aeg.
1871 3706 1921 3756 p.
1964 3690 2069 3740 118
2116 3690 2231 3743 infr.
2304 3694 2462 3749 Quod
2497 3698 2645 3749 enim

574 3786 714 3849 Sacy
751 3784 784 3835 Ι.
814 3797 861 3833 c.
899 3797 950 3848 p.
970 3782 1079 3832 259
1114 3785 1378 3844 autumat‚
1444 3794 1631 3832 nomen
1678 3776 1778 3831 boe
1824 3778 2150 3848 scripturam
2195 3780 2482 3851 implexam
2537 3805 2644 3841 uo-

574 3880 716 3936 tam,
788 3868 1117 3923 vehementer
1162 3885 1227 3921 an
1278 3884 1454 3939 verum
1498 3871 1566 3923 sit
1604 3869 1798 3924 dubito.
1901 3870 2038 3925 Nam
2082 3871 2164 3924 sic
2211 3872 2492 3929 difficnnter
2539 3895 2644 3932 ex-

576 3965 821 4033 plicatur,
874 3975 968 4014 cur
1016 3961 1226 4027 quaevis
1274 3960 1528 4028 scriptura
1573 3963 1843 4030 peregrina
1893 3964 1972 4016 sic
2004 3971 2249 4029 vocetur3
2305 3966 2423 4019 dein
2459 3970 2647 4023 literas

575 4052 666 4106 has
718 4052 1021 4120 disjunctas
1070 4049 1229 4101 fuisse
1275 4049 1472 4101 diserte
1518 4058 1736 4105 testatur
1781 4053 2197 4120 lbn-Khnldun‚
2259 4056 2444 4111 chrest.
2484 4060 2549 4115 Τ.
2587 4067 2645 4114 2.

574 4161 628 4212 p.
673 4145 806 4206 122,
866 4155 1155 4209 quanquam
1184 4142 1299 4217 ‘alii
1353 4141 1666 4195 sonu-rium
1713 4142 1950 4211 tradunt,
2019 4161 2078 4200 ro
2127 4147 2326 4201 scilicet
2371 4164 2472 4204 nec
2521 4142 2648 4205 'visu

574 4249 673 4289 nec
707 4238 992 4303 perspecta.

453 4337 517 4402 2)
570 4330 955 4386 lbn-Khaldun
990 4338 1045 4384 et
1080 4332 1197 4396 affl,
1246 4331 1431 4385 chrest.
1465 4330 1600 4384 ⁹122.
1637 4349 1687 4401 p.
1712 4336 1829 4388 121.
1867 4336 2137 4390 menon-es
2172 4337 2206 4389 Ι.
2235 4354 2280 4389 c.
2317 4354 2367 4406 p.
2400 4342 2525 4393 ³04.
