2675 4692
122 386 224 437 631

267 206 409 273 122
1054 194 1169 262 De
1221 195 1444 266 verbo
1497 193 1719 265 finito,

430 376 671 445 Omnes
741 391 951 446 autem
1014 375 1240 443 modos
1302 399 1382 442 ex
1446 352 1801 465 imperfecti
1874 376 2076 442 forma
2130 372 2435 463 proxima
2488 393 2533 436 s,

258 487 495 557 raf‘ata
553 489 902 572 derivatos,
974 494 1315 578 nacbatum
1376 511 1582 578 aeque
1623 512 1703 557 ac
1732 490 2045 580 jussivum
2094 499 2162 554 et
2202 484 2541 575 imperati·

256 625 438 684 vum,
497 606 615 672 etsi
677 607 840 673 bene
901 605 1268 685 distinctoS,
1323 612 1537 671 tamen
1572 602 1740 670 velut
1781 624 1994 669 ramos
2038 623 2118 667 ex
2160 583 2295 666 una
2337 597 2545 684 stirpe

257 717 472 783 enasci
551 721 869 808 exutaque
947 717 1251 809 peculiari
1312 718 1428 783 sna
1493 714 1696 782 forma
1752 715 1815 781 in
1877 736 2287 782 communem
2366 710 2540 777 illum

257 828 494 897 fontem
556 831 753 898 relabi
810 856 1038 922 posse,
1097 834 1264 898 bene
1306 826 1648 898 tenendum
1692 839 1807 896 est.
1910 828 2081 895 Nam
2118 838 2193 896 ut
2233 828 2318 892 ab
2360 824 2541 892 initio

254 943 563 1010 sermonis
620 944 792 1012 modi
850 948 915 1013 hi
975 945 1126 1013 satis
1184 942 1462 1011 distincti
1519 952 1701 1023 sunt,
1763 942 1854 1011 ita
1918 964 1998 1008 eo
2064 936 2541 1029 progrediente

163 1121 172 1126 .
253 1054 350 1120 vel
426 1057 876 1146 impedimento
947 1057 1303 1127 accedente
1372 1057 1434 1123 vi
1505 1054 1681 1123 modi
1732 1053 2070 1146 peculiaris
2132 1054 2372 1120 obtusa
2444 1051 2541 1116 sa-

256 1168 376 1236 cile
416 1171 482 1235 in
525 1166 830 1240 raf‘atum
869 1182 1215 1240 transeunt.
1300 1168 1464 1235 Inde
1514 1171 1758 1238 haecce
1808 1168 2232 1257 explicantur:
2281 1162 2367 1249 1)
2406 1163 2538 1229 Im-

254 1284 607 1370 perativus,
678 1287 733 1352 si
794 1286 1047 1375 longius
1110 1281 1572 1352 continuandus
1644 1292 1849 1362 esset,
1931 1277 2116 1346 facile
2173 1279 2243 1343 in
2295 1277 2537 1365 imper-

254 1394 493 1465 fectum
536 1397 793 1480 transit,
839 1411 913 1466 ut
953 1421 1119 1489 quae
1163 1395 1460 1464 facienda
1502 1395 1664 1478 sint,
1705 1390 2162 1481 sedatius-jam
2205 1392 2273 1455 in
2316 1388 2539 1456 futuro

254 1571 695 1642 describantur
737 1576 836 1662 ¹);
893 1576 1094 1663 fitque
1133 1572 1200 1640 id
1257 1597 1312 1639 v.
1350 1595 1407 1641 c.
1453 1593 1493 1638 e
1532 1570 1719 1659 lege,
1780 1570 1834 1637 si
1871 1515 1952 1666 ἐξ
1984 1580 2137 1635 tum
2178 1570 2536 1659 interponi-

251 1698 390 1766 tur,
447 1697 522 1754 ut
564 1687 735 1755 Tab.
776 1714 841 1778 p.
865 1689 1022 1769 148,
1061 1690 1125 1755 7.
1167 1723 1252 1735 —
1333 1683 1422 1768 2)
1464 1681 1744 1750 Facilius
1775 1681 1996 1771 jussivi
2041 1692 2107 1749 et
2151 1683 2413 1768 nacbati
2448 1683 2538 1749 vis

250 1823 365 1888 per
419 1799 600 1888 plura
658 1802 864 1898 verba!
899 1802 1124 1892 copula
1154 1802 1379 1892 juncta
1421 1793 1760 1885 perdurat,
1817 1816 1939 1860 nec
1982 1810 2061 1915 ej
2110 1793 2536 1884 impedimen-

247 1947 381 2003 tum
423 1937 651 2027 injicit,
696 1950 769 2006 ut
814 1940 962 2007 Sur.
987 1938 1049 2020 3,
1090 1940 1195 2007 78.
1232 1937 1339 2019 43,
1386 1936 1490 2005 13.
1532 1937 1641 2018 47,
1687 1937 1791 2004 11.
1832 1937 1937 2012 48,
1978 1936 2039 2001 2.
2073 1937 2136 2004 3.
2178 1938 2285 2003 25.
2334 1938 2446 2018 49,
2471 1941 2535 2003 6.

247 2047 412 2115 'l'ab.
458 2073 520 2138 p.
553 2052 629 2132 9,
669 2050 779 2118 ult.
825 2054 944 2127 10,
988 2053 1044 2118 1.
1085 2053 1204 2133 96,
1253 2052 1310 2117 1.
1427 2049 1688 2116 Interim
1754 2061 1899 2138 post
1958 2050 2304 2135 nacbatum
2353 2049 2539 2116 haud

245 2182 393 2228 raro
453 2163 562 2228 raf
565 2158 726 2233 ‘atus
782 2163 949 2231 redit
1002 2164 1067 2228 in
1122 2162 1413 2230 oratione
1476 2185 1592 2251 per
1644 2162 1937 2251 copulam
1978 2163 2387 2246 continuata,
2464 2178 2537 2231 ut

198 2358 202 2362 ,
246 2276 452 2342 Henz.
514 2278 592 2360 fr,
630 2302 691 2366 p.
721 2279 840 2359 62,
885 2280 946 2344 6.
975 2280 1054 2359 7;
1125 2287 1465 2367 potestque
1522 2277 1783 2364 negatio
1828 2274 2148 2343 accedens
2191 2277 2321 2344 vim
2372 2300 2534 2344 con-

235 2461 577 2552 junctionis
604 2465 944 2549 nacbatum
971 2461 1318 2552 flagitantis
1344 2461 1509 2527 adeo
1536 2461 1856 2548 frangere,
1880 2473 1952 2530 ut
1976 2474 2123 2551 post
2144 2392 2217 2517 ἐξ
2243 2485 2330 2530 ex
2363 2422 2413 2520 ὗ
2446 2395 2535 2543 ἐξ

248 2576 669 2664 compositum
734 2578 1040 2664 nacbatus
1099 2598 1224 2643 nou
1273 2577 1477 2642 minus
1530 2597 1720 2663 quam
1763 2571 1891 2641 raf‘
1894 2587 2036 2643 atus
2080 2577 2369 2659 seratur,
2430 2591 2533 2646 te-

247 2699 456 2756 stante
498 2689 804 2756 Tebrizio
850 2688 936 2757 ad
979 2690 1169 2755 Ham.
1211 2713 1276 2779 p.
1320 2690 1465 2755 196.
1589 2690 1864 2755 Gravior
1907 2703 2004 2758 cst
2049 2690 2278 2780 jussivi
2322 2694 2533 2760 conti·

191 2823 206 2840 ‘
246 2802 484 2869 nuandi
527 2804 918 2885 constantia,
977 2825 1146 2891 quae
1186 2803 1310 2893 qua
1353 2802 1600 2872 ratione
1638 2802 1899 2891 infringi
1942 2805 2184 2893 possit,
2258 2830 2316 2875 v.
2360 2807 2530 2874 infra

5 3137 208 3186 ‘632

249 2915 314 3006 ς.
352 2919 390 2984 7
394 2919 480 2984 50
527 2940 664 3005 sqq.

414 3109 497 3175 11.
561 3108 830 3196 Integra
884 3109 1240 3176 enunciatio
1296 3108 1563 3176 verbalis
1581 3159 1602 3189 ,
1661 3109 1951 3201 subjecto
2012 3120 2081 3175 et
2123 3110 2324 3175 verbo
2372 3133 2531 3177 con-

244 3233 455 3302 stans,
515 3223 623 3289 uni
684 3222 878 3288 verbo
938 3221 1030 3288 ita
1084 3223 1386 3320 subjungi
1433 3234 1679 3311 potest,
1740 3235 1813 3291 ut
1855 3222 2222 3313 subjectum
2265 3224 2422 3291 illud
2462 3227 2533 3292 in

246 3336 675 3402 accusativum
724 3346 1045 3416 transeat,
1112 3336 1373 3401 verbum
1422 3346 1637 3402 autem
1679 3333 1814 3425 ejus
1858 3336 1917 3402 ei
1960 3357 2220 3426 semper
2260 3351 2533 3428 postpo-

247 3444 527 3512 nendum
590 3447 716 3513 hoc
772 3447 911 3537 ipso
962 3470 1190 3515 vocum
1252 3446 1478 3514 ordine
1530 3458 1603 3516 ut
1646 3447 2052 3539 subjunctum
2096 3450 2529 3520 discernatur.

244 3560 367 3626 Est
423 3559 586 3625 haec
641 3559 868 3628 eadem
912 3574 1271 3644 structura,
1329 3563 1459 3651 qua
1494 3560 1739 3628 Latinis
1781 3562 2187 3630 accusativus
2239 3585 2393 3632 cum
2431 3567 2531 3632 in·

246 3670 483 3740 finitivo
543 3674 736 3741 verbo
779 3674 887 3741 uni
938 3673 1265 3742 transitivo
1309 3673 1749 3764 subjungitur:
1816 3675 1878 3741 in
1921 3676 2248 3744 arabismo
2291 3679 2529 3769 simpli-

248 3785 384 3853 cius
428 3797 673 3854 tantum
716 3799 782 3855 et
816 3786 1015 3854 laxius
1060 3788 1321 3853 verbum
1360 3787 1604 3854 finitum
1648 3787 2105 3856 enunciationis
2145 3792 2533 3883 subjunctae

247 3910 532 3979 servatur
553 3951 572 3982 ,
627 3899 744 3967 sed
799 3901 925 3980 ita,
985 3909 1059 3967 ut
1114 3922 1191 3967 ex
1232 3900 1368 3988 ipsa
1411 3900 1862 3968 vocabulorum
1902 3902 2071 3968 serie
2112 3905 2531 3997 subjunctum

249 4009 681 4097 dignoscatur.
765 4013 983 4080 Verba
1024 4022 1235 4079 autem
1279 4013 1336 4078 vi
1380 4013 1504 4078 hac
1545 4013 1817 4100 insignia
1855 4026 2002 4083 sunt
2046 4018 2246 4085 verba
2292 4021 2528 4089 wansi-

357 4233 418 4299 1)
455 4234 504 4284 in
543 4233 831 4287 hebraismo
871 4235 1008 4288 idem
1046 4237 1201 4289 etiam
1237 4235 1553 4303 frequentius
1589 4239 1681 4301 fit,
1731 4236 1793 4290 cs.
1832 4255 1909 4304 gr.
1952 4236 2092 4294 hebr.
2133 4255 2206 4294 cr.
2248 4260 2300 4310 p.
2324 4248 2449 4297 556.
