2675 4692
318 190 417 261 58
1029 177 1147 251 De
1194 178 1861 276 praepositionibus.

314 433 539 516 cedat3
601 446 669 503 ut
709 374 887 488 ζ’ἕῠὶἳ.
940 409 1071 519 (vel
1110 379 1285 556 ..S-gs)
1334 420 1494 545 ..ξι-η
1550 375 1643 533 {3²
1693 367 1846 543 §5:²⁸
1904 427 1952 493 δ’
2001 438 2227 504 nescio
2268 450 2434 527 quot
2467 442 2573 505 vi-

314 589 425 633 ros
467 565 983 633 trucidaveris?

975 783 1039 851 3.
1122 782 1235 850 De
1272 784 1922 878 praepositionibus.

169 942 277 993 569
481 919 1133 1010 Praepositionibus
1195 944 1416 989 omnes
1436 972 1456 1004 ‚
1521 945 1690 1012 quae
1753 947 1875 991 nec
1914 925 2196 1013 genitivo
2240 947 2358 992 seu
2402 935 2571 993 statu

312 1046 683 1106 constructo
727 1054 851 1100 nec
891 1035 1255 1103 accusativo
1293 1035 1905 1127 exprimipossunt,
1945 1038 2211 1105 nominis
2254 1035 2574 1129 subjuncti

309 1152 590 1220 rationes
632 1144 951 1215 notandae
992 1158 1156 1215 sunt.
1238 1148 1414 1217 Hinc
1453 1150 1862 1236 gravissimus
1904 1173 2112 1241 aeque
2151 1172 2231 1217 ac
2273 1149 2574 1239 frequen·

309 1264 587 1334 tissimus
644 1282 864 1328 earum
929 1269 1030 1326 est
1073 1282 1243 1329 usus.
1346 1261 1619 1330 Accedit
1660 1274 1872 1332 tamen
1914 1262 2103 1331 aliud.
2208 1262 2382 1330 Nam
2428 1284 2573 1329 cum

307 1379 528 1467 lingua
567 1387 703 1444 tum
745 1394 966 1439 omnes
1010 1373 1392 1462 compositas
1431 1397 1623 1443 voces
1669 1388 1808 1444 tum
1851 1379 2046 1444 verba
2087 1374 2573 1469 praepositioni-

307 1493 431 1559 bus
474 1486 824 1579 composita
866 1485 1163 1573 ignoret,
1227 1487 1728 1576 praepositiones
1770 1488 2044 1570 multae,
2107 1510 2276 1579 quae
2335 1487 2572 1556 nostrie

305 1607 372 1675 in
402 1604 633 1692 linguis
677 1624 821 1668 cum
858 1599 1101 1682 verbis,
1144 1622 1417 1689 quorum
1459 1602 1782 1671 notionem
1823 1603 2164 1683 definiunt,
2205 1601 2573 1669 coalescere

307 1719 549 1800 solent,
616 1716 684 1782 in
740 1713 1057 1782 arabismo
1118 1714 1324 1780 verbis
1383 1715 1617 1805 apponi
1675 1725 1919 1785 tantum
1977 1727 2262 1805 possunt.
2365 1718 2573 1804 Atque

307 1834 415 1905 hic
454 1831 789 1899 maximam
846 1847 1069 1898 rursus
1111 1827 1429 1895 cernimus
1481 1828 1744 1917 linguae
1781 1828 2230 1897 volubilitatem
2277 1840 2344 1895 et
2385 1827 2571 1893 liber·

306 1958 539 2025 tatem,
582 1965 728 2011 cum
770 1941 1081 2009 brevitate
1122 1937 1423 2029 loquendi
1464 1940 1639 2009 haud
1681 1963 1826 2009 raro
1863 1945 2108 2010 summa
2147 1941 2571 2032 conjunctam.

307 2057 660 2146 Placetque
719 2054 848 2143 iam
906 2053 991 2120 de
1042 2053 1170 2122 hac
1224 2054 1763 2145 praepositionum
1822 2079 1969 2125 cum
2017 2056 2226 2123 verbis
2267 2055 2571 2146 junctura

309 2194 520 2262 pauca
558 2168 854 2263 praefari.

166 2384 275 2433 ⁵70
475 2360 691 2427 Verba
725 2354 1110 2427 intransitiva
1151 2361 1620 2451 praepositione
1660 2360 1893 2428 omissa
1932 2362 2255 2450 paullatim
2301 2384 2569 2430 accusa·

306 2476 499 2544 tivum
525 2474 645 2541 sibi
669 2470 1062 2560 subjungere
1093 2496 1303 2561 posse,
1346 2473 1411 2565 §
1428 2477 1557 2542 540
1583 2499 1721 2564 sqq.
1752 2475 1992 2543 dictum
2036 2486 2150 2544 est.
2239 2473 2383 2542 Sed
2420 2498 2572 2542 con·

310 2601 414 2655 tra
456 2585 647 2653 etiam
686 2584 827 2649 fieri
869 2596 1117 2672 potest,
1189 2599 1260 2656 ut
1299 2591 1567 2655 verbum
1607 2588 1863 2678 aliquod
1903 2611 2022 2680 per
2063 2613 2137 2656 se
2175 2588 2571 2657 transitivum

308 2698 627 2791 paullatim
684 2695 974 2766 absolute
1048 2712 1324 2788 ponatur
1397 2724 1606 2792 eoque
1687 2703 1827 2793 ipso
1897 2702 2330 2770 definitionem
2391 2722 2570 2769 suam

308 2811 786 2904 praepositionis
815 2834 941 2901 ope
983 2812 1318 2881 adsciscat.
1407 2817 1667 2883 Causae
1691 2815 1826 2907 ejus
1849 2816 2196 2906 praecipue
2238 2814 2412 2881 duae
2460 2812 2566 2880 ad·

304 2938 473 2995 sunt.
557 2926 727 2994 Nam
767 2925 1040 3015 primum
1080 2926 1299 3012 lingua
1335 2926 1400 2992 in
1443 2927 1652 2996 multis
1683 2929 1823 3020 jam
1865 2928 1951 2996 ad
1981 2929 2285 2997 laxiorem
2311 2928 2571 3019 junctu·

304 3060 443 3108 ram
499 3039 791 3122 inclinat;
854 3039 1055 3108 laxior
1094 3052 1310 3109 autem
1352 3063 1432 3108 eo
1471 3041 1609 3131 ipso
1654 3042 1895 3124 oritur,
1936 3042 2113 3132 quod
2153 3045 2457 3123 verbum,
2516 3041 2572 3108 si

307 3229 561 3297 omnino
601 3224 781 3307 licet,
825 3226 1115 3297 absolute
1157 3229 1529 3320 concipitur.
1612 3229 1716 3299 Ita
1757 3251 1904 3297 cum
1934 3186 2064 3327 9:⁰¹}
2087 3231 2337 3317 jacere
2374 3228 2572 3297 actio·

307 3366 457 3411 nem
503 3345 676 3413 dicat
715 3362 835 3430 per
877 3363 991 3423 se,
1059 3340 1114 3409 si
1171 3342 1357 3426 velis,
1419 3342 1813 3425 absolutam,
1865 3356 1940 3413 ut
1994 3343 2319 3432 objectum
2361 3344 2573 3432 proxi·

305 3482 479 3527 mum
538 3453 968 3524 necessarium
1023 3454 1247 3526 saltem
1300 3479 1431 3525 nou
1483 3457 1601 3541 sit,
1675 3480 1874 3547 saepe
1900 3457 2039 3548 jam
2077 3480 2223 3539 res,
2296 3480 2575 3546 quacun

2284 3594 2578 3620 00000

307 3649 475 3719 actio
519 3647 685 3715 baec
723 3642 1106 3725 instituitur,
1147 3642 1367 3730 „laxius
1409 3666 1527 3735 per
1561 3666 1626 3748 ξε
1660 3644 2106 3737 subjungitur,
2165 3656 2238 3712 ut
2272 3634 2408 3737 ¹42³
2445 3667 2577 3743 §⁴⁶5

289 3850 469 3940 jecit
512 3848 819 3939 lapidem
849 3859 915 3919 et
945 3805 1159 3951 15ὶέ
1198 3801 1328 3946 42:⁹1:
1349 3848 1532 3936 jecit
1571 3848 1807 3937 lapide
1851 3848 1960 3937 (ut
2003 3871 2154 3917 nos:
2211 3851 2327 3917 mit
2370 3851 2577 3920 einem

303 4011 527 4080 Steine
553 4007 848 4098 werfen).
932 4008 1213 4077 Facilius
1256 4008 1448 4078 etiam
1495 4006 1567 4075 id
1608 4009 1956 4097 contingit,
1999 4009 2050 4076 si
2095 4008 2362 4075 verbum
2387 4007 2579 4101 hujus

2513 4149 2568 4163 ,ο

305 4193 563 4280 generis
606 4216 683 4261 ex
730 4216 852 4261 usu
902 4192 1145 4283 vulgari
1203 4192 1439 4281 objecti
1479 4214 1731 4262 mm„
1768 4194 1902 4283 jam
1943 4193 2244 4275 indust,
2310 4208 2384 4264 ut
2434 4156 2578 4270 [μ’
