2675 4692
823 297 1053 371 Verbi
1101 300 1380 396 stirpes,
1732 232 1761 255 ι
2090 320 2237 395 107

52 480 132 548 arn.
161 479 243 574 (5.
265 483 404 583 iffl.
423 483 581 569 181)
625 483 984 573 simpliciter
1031 506 1178 551 cum
1218 504 1451 551 aecum
1470 494 1936 554 construuntur.
2023 488 2237 565 Quam

50 595 298 662 notionem
344 597 449 685 qni
485 598 754 686 primam
797 597 893 665 vel
948 597 1147 665 solam
1195 610 1549 687 posuerunt
1596 599 2025 686 grammatici,
2079 622 2235 688 gra-

47 707 157 775 vita-
195 708 317 777 falsi
357 722 521 778 sunt.

158 928 472 1019 Expositas
518 930 636 999 has
678 931 853 998 verbi
887 931 1117 1021 stirpes
1151 954 1371 1001 omnes
1399 932 1540 1022 plns
1569 932 1853 1001 minusve
1888 957 1928 1000 a
1970 955 2042 1000 se
2076 931 2232 1000 invi·
2254 945 2362 998 184

51 1060 142 1108 eun
179 1042 396 1112 distare
434 1056 647 1134 patet,
721 1058 795 1112 ut
850 1046 1158 1134 quamvis-
1178 1069 1306 1113 una
1348 1069 1797 1136 nonnunquam
1826 1030 1926 1115 ‘ad
1974 1045 2239 1119 alteram

47 1157 261 1243 proxime
309 1158 582 1227 accedat
629 1157 988 1248 eodemque
1031 1182 1224 1227 sensu
1282 1173 1664 1249 usurpetur,
1729 1162 1979 1249 origine
2021 1173 2237 1230 tamen

49 1280 87 1334 et
105 1266 224 1357 lege
258 1294 472 1339 omnes
511 1275 716 1362 probe
767 1272 1271 1363 distinguantur,
1320 1285 1387 1342 et
1423 1272 1733 1364 quasdam
1779 1278 1944 1345 inter
1979 1276 2235 1345 omnino

45 1381 162 1448 nulla
187 1406 314 1451 esse
350 1387 554 1474 possit
591 1387 1013 1456 necessitudo.
1097 1388 1537 1479 Monstratque
1575 1389 1935 1461 discrimina
1968 1413 2237 1458 examen

45 1498 301 1565 verborum
332 1500 726 1589 singulorum
759 1501 1136 1595 diligentius,
1239 1502 1379 1569 sed
1411 1511 1648 1575 {omnes
1690 1504 1830 1593 pari
1868 1504 2018 1593 jure
2065 1508 2236 1587 sunt,

46 1621 94 1676 nt
117 1634 251 1699 quae
285 1615 513 1704 stirpes
551 1617 678 1681 una
719 1615 784 1681 in
824 1615 1046 1685 radice
1078 1616 1349 1684 usitatae
1390 1617 1550 1699 sint,
1595 1639 1762 1705 quae
1804 1617 2059 1701 omnino
2102 1617 2234 1683 sor-

45 1736 222 1809 natae,
292 1750 330 1793 e
379 1729 520 1796 sola
583 1728 975 1817 singularum
1031 1752 1261 1797 vocum
1316 1730 1576 1798 notione
1631 1728 1928 1819 pendeat.
2042 1729 2238 1797 Unde

33 1858 199 1906 ‘omnes
237 1863 347 1908 suo
376 1842 536 1932 jure
572 1841 937 1910 derivantur
974 1865 1261 1933 quoque,
1305 1846 1430 1933 qua
1467 1845 1533 1910 in
1572 1866 1647 1910 re
1680 1845 1954 1911 maxima
1991 1855 2089 1912 est
2117 1843 2235 1911 lin-

47 1928 164 2035 gnie
191 1952 544 2022 volubilitas.
629 1956 730 2023 Ita
778 1957 1007 2046 stirpes
1057 1958 1273 2047 plures
1319 1958 1660 2025 reflexivae
1697 1959 1934 2026 arctius
1975 1956 2236 2046 quidem

47 2063 264 2151 stirpibus
302 2069 433 2135 suis
476 2067 802 2156 primitivis
841 2092 1046 2136 nexae
1087 2074 1282 2154 sunt,'
1325 2083 1393 2139 at
1431 2083 1701 2160 possunt
1742 2082 1808 2138 et
1848 2093 1968 2159 per
2007 2093 2079 2137 se
2121 2069 2236 2137 de-

47 2175 195 2261 rivari3
239 2191 303 2250 et
333 2183 529 2281 stirps
566 2182 707 2273 ipsa
748 2183 1047 2274 simplex,
1093 2186 1146 2253 si
1186 2187 1292 2253 cui
1328 2187 1524 2253 verbo
1569 2184 1747 2254 notio
1794 2195 2043 2253 tantum
2085 2184 2236 2252 sim-

1464 2333 1471 2339 .
1569 2329 1594 2344 ‚
1611 2330 1636 2344 ,
1655 2315 1758 2346 ,ω
1894 2329 1920 2343 ,
1937 2328 1970 2346 ,.,
1986 2328 2012 2343 ,
2029 2328 2055 2342 ,

47 2362 139 2450 plex
174 2383 399 2453 manet,
470 2392 549 2438 ex
598 2369 890 2440 derivatis
929 2373 1078 2439 oriri
1120 2384 1371 2463 potaet4
1427 2384 1500 2440 ut
1535 2360 1729 2450 θεῶ),
1768 2383 1836 2439 et
1871 2362 2051 2458 *τὲ’Ξῖ
2085 2370 2238 2460 quia

48 2487 215 2548 tantum
265 2483 628 2552 observare
691 2497 916 2555 notant
935 2536 957 2567 ‚
1022 2489 1271 2577 origine
1313 2485 1534 2579 §.180
1588 2464 1919 2553 obliterata
1957 2484 2024 2551 in
2064 2496 2143 2551 st.
2181 2483 2235 2552 Ι.

49 2666 237 2735 “mire
269 2680 538 2759 Poemt
571 2626 716 2753 ᾡς
732 2708 754 2731 ·
851 2673 1262 2765 Possuntque
1307 2700 1563 2759 omneS‚
1591 2688 1704 2743 'ne
1742 2676 1778 2744 I
1818 2674 2079 2764 quidem
2125 2696 2234 2741 ex-

49 2784 198 2865 oeffi’
245 2806 282 2850 a
326 2783 687 2853 nominibus
746 2784 1015 2855 derivari
1029 2838 1049 2870 9
1085 2811 1487 2879 ..quanquam
1542 2788 1830 2859 verbales
1873 2789 2107 2878 stirpes
2154 2810 2235 2855 ex

33 2892 167 2959 3¹¹⁰oe
196 2896 595 2965 nominalibus
647 2910 858 2973 ortum
914 2900 1085 2969 dant.

33 2994 36 3041 s

33 3126 36 3169 5
155 3115 313 3192 Quae
352 3119 593 3211 syllaba
649 3132 728 3187 ta
770 3133 844 3192 st.
883 3124 961 3190 V.
1005 3124 1114 3193 VI.
1169 3124 1535 3214 praeposita
1583 3134 1713 3205 est,
1782 3145 1925 3190 eam
1970 3145 2051 3191 ex
2105 3122 2232 3189 ori-
2253 3138 2358 3189 186

33 3222 146 3313 §ne
184 3234 316 3299 satis
359 3248 630 3325 apparet
669 3235 844 3302 haud
879 3235 1141 3306 differre
1183 3241 1266 3304 ab
1319 3240 1405 3320 ἐ,
1459 3238 1519 3302 it
1576 3248 1653 3305 st.
1691 3236 1864 3304 VIII.
1926 3236 2063 3325 (cll.
2109 3236 2233 3323 X).
2348 3316 2353 3321 .

33 3330 183 3408 'Notio
218 3367 332 3413 non
371 3347 616 3437 pendet
669 3349 786 3416 nisi
837 3374 877 3416 a
929 3374 1088 3417 sono
1144 3362 1170 3415 t
1192 3401 1211 3431 ‚
1294 3350 1403 3439 qui
1450 3348 1711 3438 quidem
1759 3350 1842 3415 ab
1899 3349 2073 3416 initio
2129 3371 2236 3416 ra-

61 3445 154 3518 fids
203 3461 383 3527 vocali
452 3462 628 3529 brevi
698 3474 810 3551 aut
882 3465 1232 3555 postposita
1310 3474 1422 3533 aut
1506 3462 1869 3551 praeposita
1952 3484 2233 3552 pronun-

33 3567 152 3631 ⁰³¹²
192 3587 423 3660 poterat
473 3573 589 3665 (ς.
634 3578 776 3644 155.
829 3578 1032 3663 161);
1098 3577 1470 3667 praeposita
1523 3576 1758 3644 vocalis
1812 3578 1940 3665 qua
1993 3574 2234 3666 syllaba
2364 3622 2373 3629 -

33 3687 313 3769 imposita
364 3691 685 3772 nascitur,
758 3691 971 3779 potior
1030 3692 1165 3760 visa
1222 3703 1320 3759 est
1376 3702 1526 3759 ante
1582 3690 1851 3781 syllabas
1893 3701 2025 3757 tres
2081 3689 2230 3757 sim-

33 3782 212 3891 ξρΰω,
275 3803 335 3868 in
397 3815 475 3871 st.
508 3805 707 3885 Vm,
780 3815 852 3874 ut
889 3827 1017 3871 ex·
1054 3804 1233 3871 simili
1276 3806 1470 3871 causa
1510 3804 1584 3868 in
1627 3804 1693 3870 in
1736 3815 1811 3871 st.
1842 3804 2006 3886 VH3
2053 3814 2231 3892 post-

33 3907 193 3985 ³P⁰ffl
260 3929 400 3985 ante
474 3917 778 4009 syllabam
850 3919 1268 4008 compositam
1347 3918 1442 3985 vel
1507 3916 1768 4005 longam
1849 3928 1926 3984 st.
1982 3917 2062 3983 V.
2118 3916 2231 3983 VI.

73 4010 255 4094 Pomm
289 4042 497 4098 tamen
542 4043 609 4099 et
651 4032 774 4097 hae
808 4034 1038 4121 stirpes
1086 4032 1368 4098 vocalem
1412 4051 1846 4121 praeponere,
1885 4029 1940 4095 si
1982 4050 2113 4094 una
2152 4051 2232 4096 ex

75 4120 189 4201 ⁵¹⁸ss
229 4158 614 4229 12:321533
654 4158 720 4214 et
761 4146 973 4228 sibila,
1034 4147 1213 4238 cujus
1256 4147 1320 4212 in
1366 4168 1592 4212 sonum
1637 4155 1665 4208 t
1710 4143 1838 4210 hoc
1880 4141 2231 4209 resolvatur

81 4308 133 4398 (S
158 4320 262 4415 125,
299 4329 486 4417 132),
532 4357 571 4401 a
616 4334 847 4402 radicis
889 4336 1062 4405 initio
1108 4346 1208 4403 est
1229 4385 1246 4416 ‚
1287 4333 1457 4402 velut
1492 4331 1600 4399 VI.
1636 4276 1986 4402 ssssssSur.
2012 4330 2075 4407 9,
2122 4327 2224 4393 39.
2256 4358 2268 4368 ·
