2675 4692
362 329 461 398 42
912 421 926 435 .
1218 309 1336 384 De
1397 312 1776 387 vocalibus.

361 497 710 581 constanti;
771 494 917 566 nam
973 494 1280 562 nonnullis
1335 496 1402 562 in
1466 497 1653 566 terris
1710 494 2008 563 fortiores
2072 495 2320 562 vocales
2379 516 2596 560 manse-
2639 500 2640 505 ’

358 623 511 680 runt
558 611 648 698 ¹).
783 611 1081 677 Plebem·
1112 612 1454 699 antiquitus
1510 588 1767 699 quoque
1831 607 2093 676 similem
2147 619 2429 676 secutam
2479 628 2600 674 ωσι

359 724 948 813 pronunciationem
1009 723 1297 792 lubenter
1360 721 1628 789 concedi
1687 732 1936 811 potest3
2003 731 2072 790 at
2111 722 2280 788 hanc
2322 720 2598 787 vocalium

355 836 715 918 mollitiem,
792 839 1309 917 fluctuationem,
1383 836 1824 904 confusionem
1879 858 2007 901 non
2062 855 2141 899 ex
2204 834 2453 920 origine
2506 829 2598 897 ad·
2639 864 2640 899 1

357 950 555 1018 fuisse
608 972 729 1018 nec
767 950 1009 1040 puriori
1046 950 1303 1038 linguae
1345 949 1464 1017 sed
1505 951 1775 1039 lapsanti
1815 962 1883 1018 et
1927 945 2153 1018 seriori
2197 944 2451 1025 deberi,
2507 944 2600 1010 nisi

352 1086 459 1131 res
501 1065 641 1155 ipsa
681 1064 975 1145 doceret,
1041 1064 1270 1131 exinde
1309 1065 1465 1132 satis
1505 1073 1786 1151 pateret,
1844 1062 2020 1152 quod
2061 1058 2376 1127 vocalium
2412 1057 2600 1144 signo·

351 1190 498 1246 ru’m
537 1190 606 1247 et
644 1178 918 1245 inventio
963 1189 1031 1245 et
1074 1177 1386 1266 perfectio
1432 1199 1677 1244 summa
1719 1177 1887 1244 intra
1925 1178 2050 1245 tria
2090 1175 2280 1263 signa
2316 1171 2599 1249 substatia
2639 1186 2640 1269 ζ

352 1315 502 1359 nam
542 1292 640 1358 vel
678 1293 747 1358 in
787 1292 1197 1359 exactissimis
1238 1290 1487 1357 Korani
1529 1289 1857 1359 codicibus
1898 1313 2028 1357 non
2069 1286 2303 1356 adsunt
2337 1285 2454 1352 nisi
2482 1284 2600 1362 tria,
2639 1382 2640 1385 Ἴ

353 1405 440 1474 ad
481 1428 672 1475 sonos
727 1428 775 1471 a
816 1407 848 1470 ἰ
886 1428 937 1471 u
978 1402 1291 1471 notandos
1337 1402 1434 1490 ²).

233 1659 307 1709 ¹15
519 1642 699 1714 'Palis
741 1666 885 1711 cum
928 1639 1012 1709 sit
1055 1640 1366 1708 vocalium
1409 1640 1808 1709 arabicarum
1848 1638 2010 1709 ratio
2028 1690 2046 1723 ‚
2089 1635 2438 1705 videndum
2467 1635 2603 1726 jam,
2639 1656 2640 1659 ’

248 1804 254 1812 -
349 1759 674 1849 quomodo
735 1759 800 1825 in
852 1756 1169 1844 scriptura
1224 1754 1626 1822 denotentur.
1725 1755 1817 1823 Et
1857 1754 1963 1821 hic
2003 1753 2263 1842 quidem
2316 1775 2401 1819 ex
2436 1747 2498 1839 §.
2535 1748 2600 1812 21

347 1871 709 1938 meminisse
745 1870 927 1960 juvat
942 1920 959 1951 ‚
1022 1869 1333 1935 vocalium
1378 1868 1883 1937 denotandarum
1924 1870 2386 1942 necessitatem
2417 1864 2603 1957 primi·

348 1996 451 2051 tus
504 1984 709 2055 minus
765 2006 909 2050 esse
967 2006 1218 2050 sensam
1271 2005 1483 2071 neque
1543 2006 1689 2050 esse
1747 1981 1960 2051 literas
2015 1981 2341 2049 vocalibus
2386 1990 2640 2048 tantum*

234 2150 308 2231 s
344 2096 672 2184 signandis
713 2095 1122 2163 inservientes
1165 2098 1469 2164 inventas.
1574 2097 1807 2184 Neque
1847 2106 2060 2176 erant,
2114 2116 2282 2183 quae
2323 2091 2416 2159 ad
2459 2093 2605 2158 hunc

345 2233 532 2277 usum
576 2211 761 2277 facile
802 2210 1052 2278 traduci
1093 2221 1389 2298 possent,
1448 2209 1707 2288 literae,
1750 2207 1937 2287 nis-10
1985 2217 2053 2273 et
2093 2219 2150 2280 (ἕ
2191 2209 2606 2285 semivocales,

345 2346 615 2413 quarum
680 2348 873 2392 sonus
952 2334 1180 2390 natura
1245 2345 1364 2390 sua
1443 2322 1610 2388 inter
1680 2308 2123 2387 semivocalem
2195 2334 2264 2389 et
2343 2323 2606 2390 vocalem

343 2442 616 2506 fluctuat
659 2441 742 2506 cs.
786 2438 849 2529 ἕ.
888 2441 992 2505 58.
1098 2437 1378 2523 Haeque
1416 2434 1768 2515 Hebraeis,
1810 2446 1885 2502 ut
1929 2445 2215 2517 constat,
2259 2438 2612 2524 parciuset

345 2542 803 2620 inconstantius
857 2550 965 2637 ³),
1032 2550 1214 2639 Syris
1283 2560 1497 2615 autem
1558 2548 2040 2636 Arabibusque‚
2115 2549 2440 2638 scriptura
2489 2551 2611 2640 ipso

348 2667 654 2757 temporis
705 2685 1060 2755 progressu
1115 2682 1365 2750 usuque
1431 2660 1844 2750 frequentiori
1908 2659 2281 2732 dilucidiore
2352 2677 2422 2736 et
2477 2642 2640 2734 cou-¹

450 3054 513 3121 1)
567 3053 690 3119 Syri
723 3067 761 3101 a
795 3055 853 3103 et
885 3049 941 3116 Υ,
982 3053 1018 3102 u
1052 3050 1106 3101 in
1133 3050 1239 3103 fine
1263 3065 1450 3104 vocum
1483 3065 1690 3119 semper
1723 3051 1950 3105 retinere
1984 3048 2238 3103 dicuntur.

367 3166 517 3267 sss)
555 3196 672 3251 binc
717 3196 893 3250 nescio
937 3209 1106 3247 annon
1154 3210 1315 3248 vanus
1364 3195 1434 3248 sit
1477 3211 1656 3249 eorum
1691 3197 1912 3263 elamor,
1961 3197 2051 3263 qui
2084 3195 2273 3258 Fama
2309 3215 2361 3252 v.
2398 3215 2446 3253 c.
2483 3213 2610 3252 nen—

556 3312 654 3365 per
711 3310 804 3364 per
855 3311 886 3346 e
932 3293 1372 3364 pronunciandum
1422 3310 1536 3347 esse
1586 3296 1779 3348 volunt.
1886 3296 1993 3351 Qui
2042 3295 2249 3377 quidem
2266 3334 2285 3361 ‚
2334 3297 2613 3352 Tur-carum

556 3395 888 3462 Arabumque
946 3394 1289 3448 recentiorum
1360 3395 1859 3464 pronunciationem,
1958 3410 2115 3461 quam
2184 3399 2520 3467 primitivam·
2570 3402 2618 3449 et

557 3495 766 3549 omnino
827 3494 1087 3561 antIquam
1148 3500 1203 3546 et
1249 3509 1424 3547 veram
1475 3509 1591 3546 esse
1634 3510 1786 3547 nemo
1838 3493 2058 3560 dixerit,
2131 3496 2296 3549 solam
2344 3501 2617 3566 sequentes

557 3596 647 3647 vix
696 3593 763 3645 de
813 3592 1015 3658 origine
1068 3593 1330 3659 totiusque
1380 3593 1689 3659 quaestionis
1736 3592 1788 3646 vi
1821 3594 2096 3659 {cogitasse
2129 3594 2383 3648 videntur.
2498 3593 2618 3649 Mihi

559 3697 703 3746 certe
752 3693 797 3745 si
843 3697 979 3758 tres,
1047 3707 1177 3757 quas
1229 3692 1548 3758 grammatici
1596 3694 1910 3761 scripserunt
1928 3731 1945 3759 ,
2009 3697 2215 3749 vocales
2275 3713 2312 3746 a
2347 3696 2372 3747 ἰ
2410 3716 2451 3749 u
2506 3713 2619 3767 pro-

558 3792 887 3856 nunciamus,
949 3804 1046 3842 nos
1104 3791 1514 3859 pronunciationi
1564 3807 1725 3860 purae
1774 3801 1828 3846 et
1874 3794 2115 3861 autiquae
2177 3798 2418 3865 proxime
2479 3812 2620 3852 acce-

561 3891 687 3945 dere
720 3905 1022 3959 persuasum
1058 3895 1169 3953 est3
1221 3893 1481 3957 nolimqne
1515 3891 1697 3945 Fath'a
1731 3893 1924 3961 ubique
1959 3911 2053 3964 per
2086 3913 2117 3945 e
2153 3897 2340 3949 efferre
2376 3899 2480 3951 nisi
2514 3898 2624 3950 lite-

561 4007 652 4063 rae
686 3991 909 4042 molliori
942 3991 1247 4059 appositum.
1324 3993 1534 4059 ¹Similis
1581 3993 1785 4047 omnino
1821 3995 1888 4048 de
1921 3995 2172 4048 ωσι-Μ
2205 3998 2626 4065 pronunciatione

561 4096 643 4144 est
694 4090 930 4157 quaestio
978 4098 1033 4143 et
1080 4092 1144 4143 lis
1199 4107 1267 4145 ex
1315 4091 1540 4147 confusis
1588 4094 1903 4164 temporibus
1956 4093 2194 4164 haudque
2230 4098 2524 4167 perspect‘n
2557 4096 2628 4151 rei

558 4189 717 4258 ipsius
753 4190 955 4257 legibus
991 4198 1118 4245 orta.

456 4333 520 4399 3)
558 4331 623 4386 cf.
659 4347 737 4399 gr.
777 4332 917 4407 hebr.
957 4349 1028 4387 cr.
1067 4352 1118 4403 p.
1152 4338 1224 4388 82
1258 4351 1370 4402 sqq.
