2675 4692
227 1262 333 1309 784

321 1410 332 1435 Ι

227 1710 333 1758 785

349 126 500 205 326
924 121 1178 193 Brevis
1231 133 1633 193 metrorum
1685 123 2039 193 doctrina.

357 309 523 361 sectus
559 310 642 359 sit.
734 308 884 359 Haec
920 313 1001 359 est
1037 307 1319 374 simplicior
1354 307 1675 375 compositio.
1765 307 1883 359 Alia
1917 305 2143 373 majores
2178 312 2236 357 et
2270 306 2522 357 miuoreae
2553 322 2635 373 pe-

352 405 446 457 des
482 406 532 455 in
569 405 756 475 seriem
790 404 1049 470 jungunt,
1094 403 1284 470 jambis
1320 406 1401 456 vel
1439 407 1607 457 ionico
1641 412 1947 472 anapaestos
1980 406 2063 456 vel
2099 403 2489 472 amphibracho
2515 405 2641 471 jan-

355 505 448 554 bos
485 504 764 555 nectentis.
839 502 1142 570 cujusmodi
1180 503 1340 553 series
1377 510 1580 571 septem
1614 504 1696 555 vel
1732 518 1916 554 novem
1952 502 2267 566 syllabarum
2302 503 2496 553 rarius
2534 519 2643 553 rer·

355 615 466 653 sum
496 599 607 666 jam
648 600 824 667 explet
866 599 943 665 (ἓ.
977 605 1100 652 797.
1138 602 1304 667 801);
1357 601 1520 651 multo
1572 598 1893 664 frequentius
1928 599 2091 649 series
2126 596 2395 664 ejusmodi
2438 600 2523 651 bis
2556 617 2645 668 po-

354 702 456 752 sita
490 705 581 751 aut
615 716 683 751 ex
723 706 870 769 parte
906 701 1086 750 saltem
1127 699 1351 765 repetita
1387 712 1591 749 versum
1627 696 1801 748 efficit.
1878 696 2035 750 Quod
2070 702 2243 748 tamen
2278 699 2325 747 si
2368 699 2471 761 fit,
2510 708 2647 751 ntra-

356 814 459 864 que
496 798 659 849 series
694 798 772 849 sic
804 797 975 851 altiori
1019 814 1157 850 nexu
1192 797 1499 865 copulatur,
1550 801 1637 858 ut,
1672 793 1811 860 qnod
1850 809 1945 862 per
1978 810 2038 846 se
2069 793 2180 861 jam
2213 811 2411 848 verens
2444 797 2649 863 longior

354 896 567 961 suadet,
614 895 785 948 medio
830 897 884 948 iu
932 913 1083 948 versu
1120 911 1224 947 vox
1263 895 1547 960 syllabam,
1600 891 1688 943 ubi
1726 892 2045 958 requiescat,
2079 900 2255 961 aptam
2290 902 2559 961 quaerat,
2604 897 2649 947 “n

354 996 505 1047 tinem
553 992 741 1046 deinde
789 995 1009 1048 celerius
1044 1010 1357 1063 properans,
1409 1000 1573 1059 utque
1609 991 1686 1043 sic
1722 991 1864 1059 prior
1897 1007 2076 1043 versus
2111 1007 2234 1060 pars
2274 993 2447 1045 alteri
2482 1010 2647 1062 oppo-

355 1093 456 1146 sita
493 1092 577 1144 sit.
665 1092 737 1144 Hi
771 1093 1073 1146 nobilissimi
1109 1099 1229 1145 sunt
1264 1107 1442 1144 versus
1478 1094 1528 1156 S.
1553 1095 1679 1143 796.
1716 1094 1839 1143 799.
1875 1094 1999 1143 800.
2035 1094 2160 1143 803.

500 1244 695 1297 Versus
731 1241 1035 1295 catalectici
1071 1244 1204 1297 ratio
1249 1243 1403 1296 facile
1450 1242 1773 1312 perspicitur.
1859 1242 1918 1295 In
1955 1242 2186 1311 plurimis
2234 1244 2434 1295 metris
2470 1246 2647 1296 ultima

359 1342 590 1408 syllaba,
641 1343 781 1408 quod
817 1341 1082 1407 rhythmus
1118 1358 1218 1395 non
1253 1342 1422 1394 miuus
1451 1341 1711 1408 jucundus
1746 1341 1865 1393 iude
1901 1342 2097 1405 oritur,
2136 1340 2329 1392 retrahi
2371 1344 2556 1406 solen
2602 1346 2645 1396 h

359 1444 506 1506 aliis,
540 1457 657 1493 cum
692 1438 914 1506 rhythmi
947 1443 1174 1493 suavitas
1208 1440 1327 1492 iude
1365 1441 1633 1507 insiguiter
1668 1445 1954 1506 augeatur,
1988 1455 2168 1491 versus
2202 1441 2521 1493 catalectici
2548 1443 2648 1494 fere

361 1540 593 1609 perpetui
628 1544 762 1591 sunt.
835 1539 986 1591 Talia
1021 1539 1227 1607 quando
1262 1545 1318 1593 et
1354 1555 1447 1592 cur
1483 1544 1606 1608 apta
1640 1538 1775 1605 sint,
1809 1539 1863 1591 in
1899 1540 2117 1604 siugulis
2152 1538 2465 1593 docendum
2498 1550 2600 1595 est

501 1691 642 1744 Huic
687 1708 810 1744 vero
845 1692 995 1744 metri
1031 1708 1244 1746 numero
1279 1697 1497 1746 venusto
1543 1707 1749 1760 semper
1783 1691 2008 1744 sociatus
2045 1695 2125 1743 est
2161 1688 2447 1757 rhythmus
2484 1694 2648 1746 fiuaEs

361 1789 438 1857 (§·
461 1792 597 1858 777)
649 1807 750 1844 nou
802 1791 967 1843 minus
1015 1797 1212 1858 gratus.
1300 1793 1407 1848 Qui
1455 1809 1574 1846 cum
1608 1781 1902 1859 rhythmum
1952 1793 2033 1845 sui
2084 1791 2294 1857 generis
2323 1806 2536 1844 novum
2568 1810 2647 1844 so-

358 1904 583 1955 numque
630 1905 726 1958 per
780 1905 839 1942 se
889 1888 1132 1941 blandum
1186 1889 1432 1943 continuo
1485 1890 1887 1960 superinducat,
1935 1907 2039 1943 nou
2072 1889 2268 1956 ubique
2302 1894 2472 1943 metri
2510 1893 2649 1957 leges

357 1988 617 2055 simplices
671 1989 932 2055 sequitur,
981 1986 1074 2039 sed
1123 1987 1176 2039 in
1226 1989 1407 2039 metris
1460 1990 1617 2042 etiam
1674 2005 1865 2042 novare
1914 1990 2077 2041 multa
2112 1994 2168 2039 et
2201 1994 2418 2041 mutare
2458 1999 2645 2058 pot&

359 2085 473 2138 Nec
510 2085 660 2139 facile
698 2084 1248 2161 alioquiu'rhythmum
1284 2085 1422 2139 huuc
1458 2088 1583 2139 satis
1632 2087 1830 2139 variare
1884 2102 2202 2154 omnesque,
2258 2104 2405 2154 quae
2444 2090 2649 2157 linguae

360 2168 507 2236 uberi
544 2184 761 2250 adsunt,
797 2185 1068 2238 facultates
1101 2183 1374 2237 exhaurire
1410 2187 1609 2238 liceret.
1682 2184 1857 2250 Major
1890 2191 2091 2252 tamen,
2147 2203 2307 2253 quam
2342 2190 2428 2241 ita
2468 2190 2647 2255 rhyth-

359 2297 478 2335 mus
530 2283 696 2334 finalis
746 2299 904 2352 saepe
939 2284 1121 2349 affert,
1169 2284 1379 2336 licentia
1413 2285 1522 2336 suis
1559 2285 1804 2337 limitibus
1841 2285 2228 2352 circumscripta
2265 2293 2348 2339 est
2388 2286 2647 2355 iubetque

2398 2378 2409 2402 Ι

361 2414 567 2466 semper
615 2415 719 2466 quo
776 2400 910 2453 bene
962 2407 1253 2455 excusetur.
1339 2402 1552 2454 Summa
1598 2401 1936 2454 variatiouum
1970 2400 2098 2455 haec
2131 2409 2216 2455 est
2237 2421 2253 2454 ε
2304 2422 2570 2455 υ-ν-
2602 2408 2645 2457 i·

363 2487 538 2565 vss-{r
588 2532 744 2586 saepe
781 2516 1127 2580 contrahitur3
1174 2491 1334 2567 υ-Ῐ-ιι
1371 2524 1427 2569 et
1467 2536 1501 2567 v
1516 2488 1721 2566 rr-ss-L-
1766 2520 1951 2570 melius
1988 2520 2294 2587 plerumque
2328 2523 2383 2573 in
2424 2524 2643 2574 nmina

364 2606 482 2684 v—⁸-
520 2639 574 2685 et
609 2608 772 2684 υυ-ἷ-
807 2636 928 2687 abit.
1002 2635 1110 2688 Sed
1146 2607 1309 2685 ver—¹
1346 2635 1497 2688 facile
1536 2637 1692 2688 etiam
1729 2636 1778 2688 in
1817 2610 1882 2674 —⁸
1909 2609 1975 2677 -Ι
2013 2638 2165 2701 abit3
2216 2639 2493 2691 rarissime
2529 2656 2638 2692 rer·

367 2750 464 2802 hoc
500 2749 667 2802 denuo
702 2753 754 2803 iu
788 2725 859 2791 -ὲ-
895 2752 1017 2804 abit.
1089 2752 1305 2816 Syllaba
1340 2750 1589 2819 adjecta,
1640 2759 1699 2805 ut
1734 2727 1899 2804 v-'-v
1921 2728 1986 2795 -ι-
2009 2780 2074 2795 -
2109 2770 2214 2806 nou
2248 2756 2523 2822 reperitur
2554 2758 2637 2808 uisi

367 2850 417 2900 iu
468 2848 787 2901 brevioribus
834 2849 1040 2915 metris,
1098 2866 1230 2917 quae
1278 2848 1432 2902 facile
1481 2853 1661 2917 augeri
1711 2868 1769 2904 se
1813 2853 2092 2921 patiuntur.
2184 2853 2495 2908 Penultima
2530 2873 2640 2925 po-

368 2966 523 3019 ducta
568 2984 601 3015 υ
630 2938 868 3007 —¹--¹-·-
917 2982 1014 3035 pro
1061 2984 1316 3017 υ-υ-
1371 2982 1474 3019 non
1523 2968 1780 3021 invenitur
1824 2970 1923 3022 nisi
1960 2970 2120 3021 semel
2154 2972 2304 3022 certi
2338 2988 2371 3024 e
2409 2975 2565 3025 causi
2594 2975 2639 3037 S.

369 3070 492 3118 796.
580 3064 687 3118 Sed
738 3066 1035 3134 posterioris
1080 3081 1262 3117 versus
1311 3066 1381 3117 ob
1422 3064 1712 3131 rhythmum
1746 3068 1832 3118 fin.
1866 3069 2084 3119 mutatio
2121 3069 2355 3136 priorem
2391 3085 2503 3123 noa
2535 3086 2638 3123 ιιι-

367 3170 476 3230 tat,
536 3165 635 3217 nisi
682 3164 816 3217 sorte
864 3165 1079 3217 mutatio
1127 3163 1254 3217 haec
1301 3171 1408 3217 tam
1451 3172 1690 3218 constans
1724 3172 1780 3219 et
1815 3165 2052 3219 adamata
2085 3169 2183 3232 sit,
2232 3174 2297 3220 ut
2332 3170 2387 3220 iu
2424 3172 2639 3239 priore-

370 3264 524 3315 etiam
575 3265 793 3316 transire
840 3271 1085 3330 conetur3
1132 3269 1253 3316 sunt
1289 3265 1428 3317 enim
1465 3266 1752 3319 catalectici
1788 3265 1993 3332 quidam
2033 3265 2193 3334 pedes
2228 3266 2309 3319 sic
2344 3269 2639 3337 comparati,

368 3367 427 3413 ut
474 3377 652 3413 versus
699 3363 904 3415 'omnino
949 3365 1011 3417 iis
1067 3364 1251 3417 melius
1287 3366 1619 3431 terminetur,
1667 3370 1728 3416 ut
1760 3372 1882 3433 post
1914 3363 2311 3434 amphibrachus
2348 3374 2409 3419 et
2447 3368 2635 3419 ioaieoe

446 3451 456 3477 Ι
725 3453 735 3481 Ι
1020 3457 1030 3481 Ι
1381 3455 1394 3482 1

265 3536 274 3543 ι
369 3499 486 3528 v—
525 3486 579 3531 et
612 3498 778 3530 vv—
815 3497 910 3549 pro
946 3500 1118 3532 v—tae
1156 3487 1211 3535 et
1257 3501 1511 3532 υυ----
1560 3483 1611 3535 in
1649 3484 1749 3534 tine
1785 3482 1979 3535 firmius
2014 3483 2301 3550 meliusque
2338 3492 2537 3537 sonant.
2576 3511 2641 3525 -

236 3853 334 3898 286

370 3576 614 3629 Ceterum
649 3577 871 3645 rhythmi
909 3581 1073 3633 finalis
1107 3596 1264 3633 sonus
1302 3580 1468 3633 dulcis
1504 3580 1743 3634 duritiem
1776 3581 1905 3634 alias
1951 3581 2040 3634 vix
2076 3582 2407 3637 tolerabilem
2446 3584 2637 3638 facilius

369 3701 610 3760 excusat,
647 3698 789 3749 velut
826 3672 976 3739 --'-
999 3671 1062 3738 -'·
1083 3738 1101 3764 ,
1151 3699 1378 3765 syllabas
1415 3699 1593 3765 longas
1628 3706 1735 3751 tres
1770 3715 1903 3765 quae
1942 3706 2268 3753 concurrunt.

513 3849 818 3915 Quanquam
866 3866 1070 3903 carmen
1107 3851 1369 3903 arabicum
1405 3852 1519 3902 solo
1554 3851 1705 3903 metri
1741 3848 1978 3915 rhythmo
2014 3858 2255 3903 constans
2290 3850 2514 3921 eogitari
2550 3869 2635 3907 ae-

366 3948 509 4013 quit,
556 3952 728 3999 tamen
763 3954 904 4025 tauta
941 3955 1022 4002 est
1056 3956 1336 4002 metrorum
1376 3951 1675 4018 praesertim
1713 3951 2025 4003 limatiorum
2059 3951 2315 4017 suavitas,
2366 3958 2427 4004 ut
2460 3951 2629 4018 rhyth-

369 4058 483 4094 mus
530 4044 693 4094 finalis
745 4046 849 4095 uon
884 4049 1076 4112 primas
1113 4056 1288 4116 partes
1325 4057 1527 4115 teneat,
1573 4049 1665 4102 sed
1702 4052 1827 4103 satis
1864 4051 2132 4103 restrictus
2167 4055 2224 4102 et
2256 4052 2517 4103 coercitus
2550 4053 2629 4104 sit.

372 4138 503 4192 Nam
556 4141 606 4191 in
643 4143 942 4196 cultioribus
978 4148 1154 4198 metris
1194 4145 1277 4198 hic
1314 4146 1820 4245 rhythmus3alteruis
1854 4156 2053 4204 tantum
2090 4150 2323 4203 versibus
2360 4153 2520 4219 redit,
2573 4160 2626 4204 ut
