2675 4692
584 180 702 251 De
751 183 1102 277 negativis
1153 183 1798 255 enunciationibus.
2179 199 2327 268 201

237 375 321 410 u-
507 368 585 415 οἳ
648 397 674 412 .

225 425 310 527 ω]
352 463 434 507 ex
480 428 561 519 ῥ’
621 431 669 496 S
711 450 924 507 ortum
979 438 1103 527 (cf.
1145 441 1438 531 superius
1482 464 1542 531 p.
1569 441 1734 529 115)
1794 454 2138 533 propterea
2201 445 2330 513 for·
2367 460 2476 509 697

53 554 177 621 tius
223 574 363 620 rem
407 552 687 622 futuram
729 565 968 640 negat,
1034 553 1211 643 quod
1258 553 1573 646 judicium
1631 555 1813 623 simul
1855 556 2169 646 loquentis
2212 559 2329 626 im-

62 666 317 736 miscet:
359 689 495 731 non
535 678 667 749 est,
709 678 792 732 ut
812 662 970 754 fiat
1014 667 1142 735 hoc
1184 669 1224 735 i.
1256 692 1317 734 e.
1358 691 1763 757 nequaquam
1804 670 1938 737 fiet.
2017 673 2329 761 Apparet-

62 801 187 868 que
227 801 311 848 ex
357 779 482 846 hac
521 779 809 870 origine,
870 765 950 864 ω)
991 804 1117 850 non
1162 780 1280 847 nisi
1321 782 1610 871 proxime
1653 793 1806 851 ante
1849 781 2108 852 modum
2151 786 2328 853 verbi

1183 909 1242 944 G·-
1377 910 1454 942 θα

61 971 398 1054 nacbatum
441 982 615 1039 stare
647 993 859 1061 posse.
884 1005 971 1019 —-
1012 967 1119 1035 De
1164 954 1228 1025 U·
1265 979 1333 1036 et
1366 953 1435 1061 ρ)
1467 992 1547 1036 ex
1579 956 1648 1022 [Δ
1679 959 1727 1024 δ’
1756 971 1947 1054 ortis,
1982 994 2150 1062 quae
2189 995 2330 1041 rem

63 1084 268 1148 semel
308 1080 584 1166 factam
633 1109 780 1152 esse
821 1095 1064 1173 negant
1108 1081 1300 1150 modo
1345 1082 1701 1171 imperfecti
1743 1077 2062 1171 g'ezmato
2098 1101 2331 1155 neces·

64 1195 223 1262 sario
267 1198 763 1288 praeponenda,
799 1199 954 1266 satis
998 1196 1241 1265 dictum
1281 1208 1383 1265 est
1417 1192 1482 1285 §.
1501 1197 1651 1277 210,
1679 1199 1745 1264 2.
1776 1199 1858 1286 1).
1944 1200 2330 1271 Tenendum

67 1322 208 1378 ante
255 1313 510 1393 omnia,
555 1314 671 1382 nisi
714 1315 980 1380 verbum
1019 1312 1306 1402 proxime
1343 1310 1407 1375 in
1450 1309 1644 1376 modo
1688 1310 1816 1377 hoc
1851 1323 2176 1400 sequatur,
2216 1337 2333 1381 ne·
2388 1313 2393 1322 ¹

67 1443 382 1511 quaquam
422 1425 498 1492 iis
541 1428 633 1496 uti
672 1450 866 1517 posse
905 1447 1283 1493 sermonem.
1387 1423 1638 1492 Poetae
1680 1435 1893 1491 tamen
1936 1436 2142 1494 metro
2182 1450 2331 1494 sua-

71 1538 253 1607 dente
307 1541 503 1608 etiam
546 1559 593 1624 :9
632 1541 921 1631 perfecto
954 1540 1238 1631 jungere
1285 1550 1586 1628 possunt,
1645 1536 1821 1628 quod
1861 1536 2033 1605 idem
2075 1540 2142 1606 in
2189 1541 2331 1609 Ko-

1588 1681 1637 1697 ..
1850 1666 1924 1698 ο,
2154 1684 2180 1699 .
2216 1685 2243 1701 ‚

70 1752 217 1795 rano
257 1730 626 1818 ceterisque
665 1727 914 1817 scriptis
946 1725 1265 1793 rarissime
1285 1726 1378 1807 fit,
1421 1735 1495 1793 ut
1531 1663 1640 1803 gl,
1676 1715 1754 1802 s,
1789 1663 1920 1813 {93²
1959 1715 2006 1780 S
2051 1715 2101 1810 εὶ
2139 1735 2248 1829 οἳ.»
2288 1719 2335 1784 Ν

71 1884 197 1926 non
242 1860 515 1927 mansit
555 1859 736 1925 mihi
777 1882 995 1948 neque
1038 1878 1216 1923 uxor
1256 1879 1381 1936 nec
1418 1855 1628 1924 liberi
1665 1856 1825 1924 Kos.
1856 1855 1987 1925 chr.
2033 1881 2097 1946 p.
2118 1860 2226 1938 86,
2274 1860 2334 1926 4.

74 1973 212 2040 Sao.
255 1971 430 2043 anth.
474 1995 536 2061 p.
567 1972 712 2041 108.

232 2208 293 2273 2.
337 2193 409 2261 [Α
448 2227 611 2272 nova
674 2214 775 2272 est
830 2201 1091 2292 negatio
1151 2198 1405 2268 aliunde
1452 2198 1832 2270 introducta.
1947 2202 2118 2270 Nam
2184 2224 2329 2270 cum
2370 2232 2480 2283 698

78 2320 320 2407 proprie
374 2319 597 2408 quid?
665 2328 881 2398 notet,
944 2315 1178 2383 deinde
1242 2315 1327 2382 ad
1387 2316 1802 2404 negationem
1867 2314 2166 2384 traducta
2221 2329 2338 2386 est.

81 2432 196 2507 Qui
250 2432 517 2524 simplex
571 2430 857 2519 negandi
919 2453 1076 2498 usus
1134 2451 1498 2520 quanquam
1558 2429 1623 2495 in
1686 2428 2004 2496 arabismo
2079 2452 2338 2514 prorsus

63 2559 333 2634 regnat,
391 2568 517 2613 nec
566 2557 779 2613 tamen
831 2544 1043 2611 omnia
1074 2544 1211 2634 jam
1254 2544 1431 2611 exuit
1475 2543 1737 2631 originis
1783 2544 2069 2631 vestigia.
2168 2543 2339 2611 Nam

81 2658 335 2746 primum
394 2677 467 2742 L,
525 2682 655 2726 non
713 2680 833 2748 per
899 2681 972 2726 se
1037 2658 1311 2749 positum
1376 2680 1498 2724 nec
1559 2654 1877 2743 singulum
1919 2656 2073 2746 quid
2119 2670 2340 2746 negat,

82 2770 188 2837 sed
243 2785 393 2842 ante
449 2771 887 2862 praedicatum
950 2782 1196 2838 tantum
1256 2769 1353 2837 vel
1410 2769 1547 2860 ejus
1589 2768 1733 2837 loco
1778 2770 2087 2860 positum,
2147 2772 2229 2838 cf.
2272 2770 2340 2860 §-

83 2885 216 2952 701.
317 2885 576 2954 Deinde
632 2885 693 2951 ei
746 2884 936 2975 paulo
997 2883 1257 2951 vividior
1311 2885 1479 2952 inest
1536 2884 1846 2952 sermonis
1904 2885 2083 2951 color
2123 2898 2190 2954 et
2231 2887 2342 2960 vis,
2439 2951 2447 2962 ,

86 3010 149 3064 ut
182 2999 694 3090 interrogationis
738 2996 890 3065 inde
933 3009 1154 3088 aperte
1195 3019 1560 3085 cognoscas
1598 2999 1871 3066 nativam
1905 2999 2046 3065 vim.
2122 2999 2342 3074 Quare

86 3108 163 3176 ibi
210 3114 470 3205 propria
530 3127 629 3181 est
669 3113 728 3179 ei
770 3109 958 3179 sedes
981 3161 1000 3193 ‚
1061 3112 1171 3177 ubi
1214 3114 1570 3179 membrum
1630 3110 1931 3180 orationis
1975 3112 2341 3198 negativum

89 3226 303 3316 excipit
364 3227 534 3295 aliud
590 3226 763 3315 prius
821 3227 1215 3314 restringens
1236 3277 1255 3306 ‚
1311 3236 1387 3293 ut
1435 3225 1748 3316 oppositio
1801 3224 2003 3315 ipsam
2048 3227 2341 3316 negatio-

89 3357 221 3405 nem
275 3341 484 3429 magis
542 3341 862 3429 insigniat.
964 3339 1302 3431 Ejusmodi
1362 3361 1554 3406 voces
1615 3337 2028 3427 negationem
2082 3341 2343 3426 restrin-

203 3593 264 3662 1)
296 3592 379 3648 Ne
427 3595 633 3649 dubites
682 3594 749 3646 de
801 3593 1177 3663 compositione
1223 3596 1379 3667 hujus
1424 3583 1494 3695 55
1545 3609 1613 3647 ex
1669 3584 1791 3654 [⁴03
1838 3594 2102 3656 nondum,
2151 3596 2222 3652 cf·
2257 3563 2344 3676 ᾗ.)

282 3762 437 3815 supra
473 3766 526 3816 p.
557 3751 630 3802 76
680 3754 733 3801 et
772 3725 898 3837 ln&
939 3745 1104 3802 chald.
1129 3746 1264 3815 nisi,
1298 3766 1514 3818 prorsus
1546 3756 1606 3803 ut
1641 3751 1857 3804 latinum
1892 3751 2001 3804 nisi
2036 3767 2104 3805 ex
2158 3731 2254 3810 Νι)
2292 3761 2350 3807 et

299 3855 381 3932 F'l
420 3851 471 3903 si
504 3854 865 3921 compositum.
957 3855 1191 3924 Apparet
1237 3854 1386 3921 hinc,
1436 3856 1491 3909 in
1537 3858 1904 3925 componendis
1946 3857 2212 3926 particulis
2248 3858 2348 3910 lin-

302 3971 432 4020 guas
467 3959 727 4012 semiticas
762 3961 1024 4014 notionem
1060 3961 1309 4029 majorem
1324 4001 1342 4027 ‚
1378 3978 1514 4031 quae
1549 3964 1650 4016 alia
1685 3963 2163 4028 circumscribatur,
2200 3973 2347 4034 post·-

306 4071 498 4121 ponere
533 4074 718 4127 posse,
773 4060 825 4113 id
861 4060 1000 4129 quod
1034 4061 1088 4113 in
1115 4062 1312 4130 linguis
1348 4062 1839 4129 indo-germanicis
1875 4078 1969 4131 per
2003 4069 2168 4117 totam
2204 4080 2350 4118 com-

308 4157 611 4221 positionem
661 4160 813 4212 valet.
901 4160 1013 4213 Sed
1061 4161 1180 4214 illae
1231 4164 1354 4215 vera
1403 4162 1774 4230 compositione
1810 4178 1913 4216 non
1950 4163 2043 4215 nisi
2081 4163 2133 4216 in
2172 4166 2350 4233 paucis

305 4257 566 4318 particulis
603 4258 845 4327 gaudent.
