<?xml version="1.0" encoding="UTF-8"?>
<!DOCTYPE html PUBLIC "-//W3C//DTD XHTML 1.0 Transitional//EN"
    "http://www.w3.org/TR/xhtml1/DTD/xhtml1-transitional.dtd">
<html xmlns="http://www.w3.org/1999/xhtml" xml:lang="en" lang="en">
 <head>
  <title>
</title>
<meta http-equiv="Content-Type" content="text/html;charset=utf-8" />
  <meta name='ocr-system' content='tesseract 3.04.00' />
  <meta name='ocr-capabilities' content='ocr_page ocr_carea ocr_par ocr_line ocrx_word'/>
</head>
<body>
  <div class='ocr_page' id='page_1' title='image "./geohenriciaugew00ewalgoog_0176.png"; bbox 0 0 2675 4692; ppageno 0'>
   <div class='ocr_carea' id='block_1_1' title="bbox 377 283 1878 379">
    <p class='ocr_par' dir='ltr' id='par_1_1' title="bbox 377 283 1878 379">
     <span class='ocr_line' id='line_1_1' title="bbox 377 283 1878 379; baseline -0.009 -11"><span class='ocrx_word' id='word_1_1' title='bbox 377 287 526 368; x_wconf 88' lang='lat'><strong>160</strong></span> <span class='ocrx_word' id='word_1_2' title='bbox 1136 283 1532 354; x_wconf 80' lang='lat' dir='ltr'><strong>Nominum</strong></span> <span class='ocrx_word' id='word_1_3' title='bbox 1603 285 1878 379; x_wconf 78' lang='lat' dir='ltr'><strong>stirpes.</strong></span> 
     </span>
    </p>
   </div>
   <div class='ocr_carea' id='block_1_2' title="bbox 244 462 2186 556">
    <p class='ocr_par' dir='ltr' id='par_1_2' title="bbox 244 462 2186 556">
     <span class='ocr_line' id='line_1_2' title="bbox 244 462 2186 556; baseline -0.007 -16"><span class='ocrx_word' id='word_1_4' title='bbox 244 464 351 543; x_wconf 74' lang='lat'><strong>27&#39;3</strong></span> <span class='ocrx_word' id='word_1_5' title='bbox 542 468 599 534; x_wconf 91' lang='lat' dir='ltr'><strong>l.</strong></span> <span class='ocrx_word' id='word_1_6' title='bbox 659 462 1052 555; x_wconf 76' lang='lat' dir='ltr'><strong>Participz&#39;z&#39;</strong></span> <span class='ocrx_word' id='word_1_7' title='bbox 1093 464 1390 534; x_wconf 87' lang='lat' dir='ltr'><strong>formatio</strong></span> <span class='ocrx_word' id='word_1_8' title='bbox 1434 464 1700 556; x_wconf 86' lang='lat' dir='ltr'><strong>duplicis</strong></span> <span class='ocrx_word' id='word_1_9' title='bbox 1747 475 1848 533; x_wconf 85' lang='lat' dir='ltr'><strong>est</strong></span> <span class='ocrx_word' id='word_1_10' title='bbox 1886 466 2186 552; x_wconf 68' lang='lat' dir='ltr'><strong>generisz</strong></span> 
     </span>
    </p>
   </div>
   <div class='ocr_carea' id='block_1_3' title="bbox 543 606 2600 703">
    <p class='ocr_par' dir='ltr' id='par_1_3' title="bbox 543 606 2600 703">
     <span class='ocr_line' id='line_1_3' title="bbox 543 606 2600 703; baseline -0.001 -23"><span class='ocrx_word' id='word_1_11' title='bbox 543 612 622 703; x_wconf 93' lang='lat'><strong>1)</strong></span> <span class='ocrx_word' id='word_1_12' title='bbox 664 613 729 679; x_wconf 91' lang='lat' dir='ltr'><strong>in</strong></span> <span class='ocrx_word' id='word_1_13' title='bbox 782 622 860 680; x_wconf 88' lang='lat' dir='ltr'><strong>st.</strong></span> <span class='ocrx_word' id='word_1_14' title='bbox 900 612 954 679; x_wconf 90' lang='grc' dir='ltr'><strong>Ι.</strong></span> <span class='ocrx_word' id='word_1_15' title='bbox 1013 611 1350 701; x_wconf 81' lang='lat' dir='ltr'><strong>participio</strong></span> <span class='ocrx_word' id='word_1_16' title='bbox 1410 613 1617 682; x_wconf 80' lang='lat' dir='ltr'><strong>activo</strong></span> <span class='ocrx_word' id='word_1_17' title='bbox 1673 606 2087 702; x_wconf 78' lang='lat' dir='ltr'><strong>ex&#39;primendo</strong></span> <span class='ocrx_word' id='word_1_18' title='bbox 2143 612 2396 680; x_wconf 84' lang='lat' dir='ltr'><strong>inservit</strong></span> <span class='ocrx_word' id='word_1_19' title='bbox 2430 610 2600 678; x_wconf 77' lang='lat' dir='ltr'><strong>sonna</strong></span> 
     </span>
    </p>
   </div>
   <div class='ocr_carea' id='block_1_4' title="bbox 362 736 2603 1112">
    <p class='ocr_par' dir='ltr' id='par_1_4' title="bbox 362 736 2603 1112">
     <span class='ocr_line' id='line_1_4' title="bbox 366 736 2603 906; baseline -0.008 -30"><span class='ocrx_word' id='word_1_20' title='bbox 366 742 505 906; x_wconf 49' lang='lat' dir='ltr'><strong>323ss</strong></span> <span class='ocrx_word' id='word_1_21' title='bbox 562 798 628 892; x_wconf 51' lang='lat'><strong>§⁴</strong></span> <span class='ocrx_word' id='word_1_22' title='bbox 673 800 835 881; x_wconf 83' lang='grc'>245,</span> <span class='ocrx_word' id='word_1_23' title='bbox 897 799 962 866; x_wconf 91' lang='lat' dir='ltr'><strong>in</strong></span> <span class='ocrx_word' id='word_1_24' title='bbox 1028 798 1413 866; x_wconf 73' lang='lat' dir='ltr'><strong>intransitiva</strong></span> <span class='ocrx_word' id='word_1_25' title='bbox 1484 799 1677 868; x_wconf 85' lang='lat' dir='ltr'><strong>etiam</strong></span> <span class='ocrx_word' id='word_1_26' title='bbox 1731 800 1991 869; x_wconf 90' lang='lat' dir='ltr'><strong>notione</strong></span> <span class='ocrx_word' id='word_1_27' title='bbox 2051 801 2317 882; x_wconf 82' lang='lat' dir='ltr'><strong>usitata,</strong></span> <span class='ocrx_word' id='word_1_28' title='bbox 2382 810 2452 868; x_wconf 85' lang='lat' dir='ltr'><strong>nt</strong></span> <span class='ocrx_word' id='word_1_29' title='bbox 2494 736 2603 901; x_wconf 47' lang='lat' dir='ltr'><strong>gb:</strong></span> 
     </span>
     <span class='ocr_line' id='line_1_5' title="bbox 362 946 2599 1112; baseline -0.01 -20"><span class='ocrx_word' id='word_1_30' title='bbox 362 1019 598 1086; x_wconf 58' lang='lat' dir='ltr'><strong><em>‘tam’</em></strong></span> <span class='ocrx_word' id='word_1_31' title='bbox 661 946 794 1112; x_wconf 52' lang='lat' dir='ltr'><strong>gi}</strong></span> <span class='ocrx_word' id='word_1_32' title='bbox 825 1003 1210 1082; x_wconf 73' lang='lat' dir='ltr'><strong>dormiens,</strong></span> <span class='ocrx_word' id='word_1_33' title='bbox 1273 1003 1390 1072; x_wconf 88' lang='lat' dir='ltr'><strong>nisi</strong></span> <span class='ocrx_word' id='word_1_34' title='bbox 1448 1004 1615 1074; x_wconf 87' lang='lat' dir='ltr'><strong>forte</strong></span> <span class='ocrx_word' id='word_1_35' title='bbox 1667 1004 1960 1098; x_wconf 78' lang='lat' dir='ltr'><strong>adjectivi</strong></span> <span class='ocrx_word' id='word_1_36' title='bbox 2015 1005 2382 1074; x_wconf 77' lang='lat' dir='ltr'><strong>intransitivi</strong></span> <span class='ocrx_word' id='word_1_37' title='bbox 2428 1004 2599 1071; x_wconf 75' lang='lat' dir='ltr'><strong>foma</strong></span> 
     </span>
    </p>
   </div>
   <div class='ocr_carea' id='block_1_5' title="bbox 362 1131 2598 1297">
    <p class='ocr_par' dir='ltr' id='par_1_5' title="bbox 362 1131 2598 1297">
     <span class='ocr_line' id='line_1_6' title="bbox 362 1131 2598 1297; baseline -0.003 -34"><span class='ocrx_word' id='word_1_38' title='bbox 362 1194 680 1285; x_wconf 79' lang='lat' dir='ltr'><strong>quaedam</strong></span> <span class='ocrx_word' id='word_1_39' title='bbox 742 1190 808 1285; x_wconf 80' lang='lat'><strong>§.</strong></span> <span class='ocrx_word' id='word_1_40' title='bbox 849 1192 981 1261; x_wconf 85' lang='lat'><strong>244</strong></span> <span class='ocrx_word' id='word_1_41' title='bbox 1035 1193 1367 1275; x_wconf 77' lang='lat' dir='ltr'><strong>manserit,</strong></span> <span class='ocrx_word' id='word_1_42' title='bbox 1437 1206 1511 1263; x_wconf 91' lang='lat' dir='ltr'><strong>ut</strong></span> <span class='ocrx_word' id='word_1_43' title='bbox 1569 1131 1730 1297; x_wconf 53' lang='lat' dir='ltr'><strong>gy}</strong></span> <span class='ocrx_word' id='word_1_44' title='bbox 1766 1196 2035 1272; x_wconf 64' lang='lat' dir='ltr'><strong>tristia,</strong></span> <span class='ocrx_word' id='word_1_45' title='bbox 2093 1190 2401 1260; x_wconf 66' lang='lat' dir='ltr'><strong>tristitie!</strong></span> <span class='ocrx_word' id='word_1_46' title='bbox 2437 1188 2598 1257; x_wconf 81' lang='lat' dir='ltr'><strong>labo-</strong></span> 
     </span>
    </p>
   </div>
   <div class='ocr_carea' id='block_1_6' title="bbox 281 1339 2598 1777">
    <p class='ocr_par' dir='ltr' id='par_1_6' title="bbox 281 1339 2598 1777">
     <span class='ocr_line' id='line_1_7' title="bbox 361 1339 2598 1493; baseline -0.002 -28"><span class='ocrx_word' id='word_1_47' title='bbox 361 1423 550 1466; x_wconf 77' lang='lat' dir='ltr'><strong>rans.</strong></span> <span class='ocrx_word' id='word_1_48' title='bbox 672 1397 849 1466; x_wconf 83' lang='lat' dir='ltr'><strong>Part.</strong></span> <span class='ocrx_word' id='word_1_49' title='bbox 910 1399 1230 1493; x_wconf 72' lang='lat' dir='ltr'><strong>passivum</strong></span> <span class='ocrx_word' id='word_1_50' title='bbox 1286 1411 1502 1468; x_wconf 89' lang='lat' dir='ltr'><strong>autem</strong></span> <span class='ocrx_word' id='word_1_51' title='bbox 1557 1398 1828 1467; x_wconf 80' lang='lat' dir='ltr'><strong>formam</strong></span> <span class='ocrx_word' id='word_1_52' title='bbox 1883 1339 2039 1480; x_wconf 58' lang='lat'><strong>3355</strong></span> <span class='ocrx_word' id='word_1_53' title='bbox 2053 1442 2076 1477; x_wconf 89' lang='lat'><strong>,</strong></span> <span class='ocrx_word' id='word_1_54' title='bbox 2133 1424 2303 1491; x_wconf 87' lang='lat' dir='ltr'><strong>qnae</strong></span> <span class='ocrx_word' id='word_1_55' title='bbox 2342 1396 2598 1490; x_wconf 76' lang='lat' dir='ltr'><strong>adjecfivi</strong></span> 
     </span>
     <span class='ocr_line' id='line_1_8' title="bbox 357 1504 2598 1629; baseline -0.001 -22"><span class='ocrx_word' id='word_1_56' title='bbox 357 1538 614 1607; x_wconf 42' lang='lat' dir='ltr'><strong>tantum*</strong></span> <span class='ocrx_word' id='word_1_57' title='bbox 647 1537 705 1603; x_wconf 86' lang='lat' dir='ltr'><strong>vi</strong></span> <span class='ocrx_word' id='word_1_58' title='bbox 747 1538 1092 1626; x_wconf 82' lang='lat' dir='ltr'><strong>permansit</strong></span> <span class='ocrx_word' id='word_1_59' title='bbox 1132 1535 1197 1629; x_wconf 84' lang='lat'><strong>§.</strong></span> <span class='ocrx_word' id='word_1_60' title='bbox 1220 1540 1351 1607; x_wconf 84' lang='grc'><strong>244</strong></span> <span class='ocrx_word' id='word_1_61' title='bbox 1368 1588 1389 1622; x_wconf 90' lang='grc'>,</span> <span class='ocrx_word' id='word_1_62' title='bbox 1445 1559 1700 1627; x_wconf 87' lang='lat' dir='ltr'><strong>semper</strong></span> <span class='ocrx_word' id='word_1_63' title='bbox 1731 1524 1779 1621; x_wconf 59' lang='lat' dir='ltr'><strong>s.</strong></span> <span class='ocrx_word' id='word_1_64' title='bbox 1816 1504 2155 1628; x_wconf 72' lang='lat' dir='ltr'><strong>praeponit</strong></span> <span class='ocrx_word' id='word_1_65' title='bbox 2194 1563 2235 1607; x_wconf 88' lang='lat' dir='ltr'><strong>e</strong></span> <span class='ocrx_word' id='word_1_66' title='bbox 2277 1552 2598 1608; x_wconf 85' lang='lat' dir='ltr'><strong>ceterarum</strong></span> 
     </span>
     <span class='ocr_line' id='line_1_9' title="bbox 281 1669 2596 1777; baseline -0.001 -36"><span class='ocrx_word' id='word_1_67' title='bbox 281 1704 296 1718; x_wconf 34' lang='grc' dir='ltr'>κ</span> <span class='ocrx_word' id='word_1_68' title='bbox 356 1673 638 1741; x_wconf 89' lang='lat' dir='ltr'><strong>omnium</strong></span> <span class='ocrx_word' id='word_1_69' title='bbox 696 1670 986 1759; x_wconf 73' lang='lat' dir='ltr'><strong>stirpium</strong></span> <span class='ocrx_word' id='word_1_70' title='bbox 1028 1670 1430 1777; x_wconf 76' lang='lat' dir='ltr'><strong>similitudine</strong></span> <span class='ocrx_word' id='word_1_71' title='bbox 1471 1669 1536 1762; x_wconf 82' lang='lat'><strong>§.</strong></span> <span class='ocrx_word' id='word_1_72' title='bbox 1569 1672 1732 1753; x_wconf 82' lang='grc'>274,</span> <span class='ocrx_word' id='word_1_73' title='bbox 1800 1694 1927 1761; x_wconf 89' lang='lat' dir='ltr'><strong>quo</strong></span> <span class='ocrx_word' id='word_1_74' title='bbox 1971 1673 2112 1761; x_wconf 88' lang='lat' dir='ltr'><strong>ipso</strong></span> <span class='ocrx_word' id='word_1_75' title='bbox 2156 1686 2323 1763; x_wconf 87' lang='lat' dir='ltr'><strong>part.</strong></span> <span class='ocrx_word' id='word_1_76' title='bbox 2364 1672 2596 1740; x_wconf 88' lang='lat' dir='ltr'><strong>denota-</strong></span> 
     </span>
    </p>
   </div>
   <div class='ocr_carea' id='block_1_7' title="bbox 213 1801 2599 2085">
    <p class='ocr_par' dir='ltr' id='par_1_7' title="bbox 213 1801 2599 2085">
     <span class='ocr_line' id='line_1_10' title="bbox 351 1801 2599 1957; baseline 0.001 -21"><span class='ocrx_word' id='word_1_77' title='bbox 351 1867 443 1936; x_wconf 88' lang='lat' dir='ltr'><strong>tio</strong></span> <span class='ocrx_word' id='word_1_78' title='bbox 514 1877 614 1934; x_wconf 85' lang='lat' dir='ltr'><strong>est</strong></span> <span class='ocrx_word' id='word_1_79' title='bbox 668 1864 1019 1935; x_wconf 79' lang='lat' dir='ltr'><strong>distinctior</strong></span> <span class='ocrx_word' id='word_1_80' title='bbox 1034 1915 1055 1946; x_wconf 92' lang='lat'><strong>,</strong></span> <span class='ocrx_word' id='word_1_81' title='bbox 1121 1873 1195 1931; x_wconf 88' lang='lat' dir='ltr'><strong>ut</strong></span> <span class='ocrx_word' id='word_1_82' title='bbox 1220 1801 1469 1943; x_wconf 42' lang='lat'><strong>3523.</strong></span> <span class='ocrx_word' id='word_1_83' title='bbox 1574 1865 1879 1935; x_wconf 88' lang='lat' dir='ltr'><strong>Vocalem</strong></span> <span class='ocrx_word' id='word_1_84' title='bbox 1934 1867 2004 1933; x_wconf 89' lang='lat' dir='ltr'><strong>id</strong></span> <span class='ocrx_word' id='word_1_85' title='bbox 2054 1871 2414 1957; x_wconf 85' lang='lat' dir='ltr'><strong>praefixam</strong></span> <span class='ocrx_word' id='word_1_86' title='bbox 2452 1878 2599 1938; x_wconf 76' lang='lat' dir='ltr'><strong>tenet</strong></span> 
     </span>
     <span class='ocr_line' id='line_1_11' title="bbox 213 1981 816 2085; baseline -0.005 -36"><span class='ocrx_word' id='word_1_87' title='bbox 213 1994 214 1997; x_wconf 76' lang='grc'>’</span> <span class='ocrx_word' id='word_1_88' title='bbox 354 1981 709 2085; x_wconf 62' lang='lat' dir='ltr'><strong>prosimam</strong></span> <span class='ocrx_word' id='word_1_89' title='bbox 751 2004 816 2046; x_wconf 87' lang='lat' dir='ltr'><strong>a.</strong></span> 
     </span>
    </p>
   </div>
   <div class='ocr_carea' id='block_1_8' title="bbox 215 2212 2601 3558">
    <p class='ocr_par' dir='ltr' id='par_1_8' title="bbox 215 2212 2601 3558">
     <span class='ocr_line' id='line_1_12' title="bbox 215 2212 2597 2311; baseline -0.005 -22"><span class='ocrx_word' id='word_1_90' title='bbox 215 2240 330 2293; x_wconf 72' lang='lat'><strong>274</strong></span> <span class='ocrx_word' id='word_1_91' title='bbox 518 2218 599 2307; x_wconf 92' lang='grc'><strong>2)</strong></span> <span class='ocrx_word' id='word_1_92' title='bbox 646 2218 1034 2286; x_wconf 83' lang='lat' dir='ltr'><strong>Ceterarum</strong></span> <span class='ocrx_word' id='word_1_93' title='bbox 1085 2224 1298 2283; x_wconf 88' lang='lat' dir='ltr'><strong>autem</strong></span> <span class='ocrx_word' id='word_1_94' title='bbox 1350 2212 1639 2307; x_wconf 80' lang='lat' dir='ltr'><strong>stirpium</strong></span> <span class='ocrx_word' id='word_1_95' title='bbox 1683 2218 1959 2286; x_wconf 89' lang='lat' dir='ltr'><strong>omnium</strong></span> <span class='ocrx_word' id='word_1_96' title='bbox 2001 2219 2338 2311; x_wconf 87' lang='lat' dir='ltr'><strong>participia</strong></span> <span class='ocrx_word' id='word_1_97' title='bbox 2374 2218 2494 2284; x_wconf 69' lang='lat' dir='ltr'><strong>una</strong></span> <span class='ocrx_word' id='word_1_98' title='bbox 2531 2234 2597 2278; x_wconf 85' lang='lat' dir='ltr'><strong>ex</strong></span> 
     </span>
     <span class='ocr_line' id='line_1_13' title="bbox 348 2320 2596 2423; baseline -0.003 -22"><span class='ocrx_word' id='word_1_99' title='bbox 348 2335 498 2423; x_wconf 80' lang='lat' dir='ltr'><strong>lege</strong></span> <span class='ocrx_word' id='word_1_100' title='bbox 557 2334 928 2400; x_wconf 86' lang='lat' dir='ltr'><strong>formantur.</strong></span> <span class='ocrx_word' id='word_1_101' title='bbox 969 2320 980 2330; x_wconf 56' lang='lat'>⁶</span> <span class='ocrx_word' id='word_1_102' title='bbox 1032 2329 1346 2398; x_wconf 87' lang='lat' dir='ltr'><strong>Omnibus</strong></span> <span class='ocrx_word' id='word_1_103' title='bbox 1386 2381 1434 2411; x_wconf 54' lang='grc' dir='ltr'><strong>,ο</strong></span> <span class='ocrx_word' id='word_1_104' title='bbox 1480 2333 1896 2419; x_wconf 85' lang='lat' dir='ltr'><strong>praeponitur</strong></span> <span class='ocrx_word' id='word_1_105' title='bbox 1953 2347 2291 2402; x_wconf 86' lang='lat' dir='ltr'><strong>externum</strong></span> <span class='ocrx_word' id='word_1_106' title='bbox 2330 2328 2474 2421; x_wconf 87' lang='lat' dir='ltr'><strong>quid</strong></span> <span class='ocrx_word' id='word_1_107' title='bbox 2512 2322 2596 2414; x_wconf 73' lang='grc'><strong>(5-</strong></span> 
     </span>
     <span class='ocr_line' id='line_1_14' title="bbox 343 2441 2597 2535; baseline -0.004 -20"><span class='ocrx_word' id='word_1_108' title='bbox 343 2446 512 2535; x_wconf 87' lang='grc'>253)</span> <span class='ocrx_word' id='word_1_109' title='bbox 578 2457 645 2514; x_wconf 88' lang='lat' dir='ltr'><strong>et</strong></span> <span class='ocrx_word' id='word_1_110' title='bbox 700 2445 806 2511; x_wconf 90' lang='lat' dir='ltr'><strong>hic</strong></span> <span class='ocrx_word' id='word_1_111' title='bbox 862 2441 1119 2532; x_wconf 90' lang='lat' dir='ltr'><strong>quidem</strong></span> <span class='ocrx_word' id='word_1_112' title='bbox 1178 2468 1550 2532; x_wconf 74' lang='lat' dir='ltr'><strong>personam</strong></span> <span class='ocrx_word' id='word_1_113' title='bbox 1593 2443 1939 2533; x_wconf 80' lang='lat' dir='ltr'><strong>designans</strong></span> <span class='ocrx_word' id='word_1_114' title='bbox 1983 2448 2088 2513; x_wconf 91' lang='lat' dir='ltr'><strong>cui</strong></span> <span class='ocrx_word' id='word_1_115' title='bbox 2143 2445 2300 2534; x_wconf 89' lang='lat' dir='ltr'><strong>quid</strong></span> <span class='ocrx_word' id='word_1_116' title='bbox 2343 2441 2597 2512; x_wconf 83' lang='lat' dir='ltr'><strong>attribui-</strong></span> 
     </span>
     <span class='ocr_line' id='line_1_15' title="bbox 343 2552 2596 2648; baseline -0.004 -20"><span class='ocrx_word' id='word_1_117' title='bbox 343 2571 481 2642; x_wconf 87' lang='lat' dir='ltr'><strong>tur,</strong></span> <span class='ocrx_word' id='word_1_118' title='bbox 551 2558 747 2648; x_wconf 82' lang='lat' dir='ltr'><strong>idque</strong></span> <span class='ocrx_word' id='word_1_119' title='bbox 804 2580 844 2623; x_wconf 91' lang='lat' dir='ltr'><strong>a</strong></span> <span class='ocrx_word' id='word_1_120' title='bbox 898 2557 1126 2624; x_wconf 88' lang='lat' dir='ltr'><strong>ceteris</strong></span> <span class='ocrx_word' id='word_1_121' title='bbox 1178 2556 1389 2624; x_wconf 85' lang='lat' dir='ltr'><strong>multis</strong></span> <span class='ocrx_word' id='word_1_122' title='bbox 1445 2558 1674 2647; x_wconf 88' lang='lat' dir='ltr'><strong>quibus</strong></span> <span class='ocrx_word' id='word_1_123' title='bbox 1714 2606 1761 2639; x_wconf 48' lang='grc' dir='ltr'><em>Α</em></span> <span class='ocrx_word' id='word_1_124' title='bbox 1800 2560 2155 2648; x_wconf 87' lang='lat' dir='ltr'><strong>praefixum</strong></span> <span class='ocrx_word' id='word_1_125' title='bbox 2197 2557 2456 2626; x_wconf 82' lang='lat' dir='ltr'><strong>inservit</strong></span> <span class='ocrx_word' id='word_1_126' title='bbox 2489 2552 2596 2620; x_wconf 72' lang='lat' dir='ltr'><strong>usi·</strong></span> 
     </span>
     <span class='ocr_line' id='line_1_16' title="bbox 342 2660 2601 2760; baseline -0.004 -19"><span class='ocrx_word' id='word_1_127' title='bbox 342 2676 466 2742; x_wconf 87' lang='lat' dir='ltr'><strong>bus</strong></span> <span class='ocrx_word' id='word_1_128' title='bbox 519 2673 609 2741; x_wconf 86' lang='lat' dir='ltr'><strong>ita</strong></span> <span class='ocrx_word' id='word_1_129' title='bbox 670 2669 989 2737; x_wconf 83' lang='lat' dir='ltr'><strong>diversum</strong></span> <span class='ocrx_word' id='word_1_130' title='bbox 1042 2681 1115 2739; x_wconf 88' lang='lat' dir='ltr'><strong>ut</strong></span> <span class='ocrx_word' id='word_1_131' title='bbox 1153 2669 1359 2736; x_wconf 83' lang='lat' dir='ltr'><strong>vocali</strong></span> <span class='ocrx_word' id='word_1_132' title='bbox 1397 2683 1434 2732; x_wconf 77' lang='lat' dir='ltr'><strong>n</strong></span> <span class='ocrx_word' id='word_1_133' title='bbox 1474 2660 1950 2759; x_wconf 86' lang='lat' dir='ltr'><strong>pronuncietur.</strong></span> <span class='ocrx_word' id='word_1_134' title='bbox 2076 2671 2278 2739; x_wconf 81' lang='lat' dir='ltr'><strong>Activi</strong></span> <span class='ocrx_word' id='word_1_135' title='bbox 2323 2671 2511 2760; x_wconf 77' lang='lat' dir='ltr'><strong>igitur</strong></span> <span class='ocrx_word' id='word_1_136' title='bbox 2544 2676 2601 2732; x_wconf 82' lang='lat' dir='ltr'><strong>et</strong></span> 
     </span>
     <span class='ocr_line' id='line_1_17' title="bbox 341 2781 2598 2879; baseline -0.004 -24"><span class='ocrx_word' id='word_1_137' title='bbox 341 2787 571 2879; x_wconf 84' lang='lat' dir='ltr'><strong>passivi</strong></span> <span class='ocrx_word' id='word_1_138' title='bbox 631 2783 968 2851; x_wconf 82' lang='lat' dir='ltr'><strong>discrimen</strong></span> <span class='ocrx_word' id='word_1_139' title='bbox 1027 2781 1162 2849; x_wconf 73' lang='lat' dir='ltr'><strong>sola</strong></span> <span class='ocrx_word' id='word_1_140' title='bbox 1221 2782 1547 2850; x_wconf 89' lang='lat' dir='ltr'><strong>secundae</strong></span> <span class='ocrx_word' id='word_1_141' title='bbox 1611 2783 1906 2851; x_wconf 86' lang='lat' dir='ltr'><strong>radicalis</strong></span> <span class='ocrx_word' id='word_1_142' title='bbox 1964 2786 2165 2853; x_wconf 80' lang='lat' dir='ltr'><strong>vocali</strong></span> <span class='ocrx_word' id='word_1_143' title='bbox 2226 2785 2471 2853; x_wconf 71' lang='lat' dir='ltr'><strong>diversa</strong></span> <span class='ocrx_word' id='word_1_144' title='bbox 2518 2783 2598 2848; x_wconf 87' lang='lat' dir='ltr'><strong>in·</strong></span> 
     </span>
     <span class='ocr_line' id='line_1_18' title="bbox 342 2895 2597 2989; baseline -0.002 -23"><span class='ocrx_word' id='word_1_145' title='bbox 342 2900 566 2989; x_wconf 81' lang='lat' dir='ltr'><strong>signiri</strong></span> <span class='ocrx_word' id='word_1_146' title='bbox 609 2908 840 2988; x_wconf 85' lang='lat' dir='ltr'><strong>potest.</strong></span> <span class='ocrx_word' id='word_1_147' title='bbox 950 2895 1203 2984; x_wconf 90' lang='lat' dir='ltr'><strong>Nempe</strong></span> <span class='ocrx_word' id='word_1_148' title='bbox 1263 2908 1335 2963; x_wconf 91' lang='lat' dir='ltr'><strong>ut</strong></span> <span class='ocrx_word' id='word_1_149' title='bbox 1389 2897 1638 2986; x_wconf 86' lang='lat' dir='ltr'><strong>imperf.</strong></span> <span class='ocrx_word' id='word_1_150' title='bbox 1696 2910 1846 2988; x_wconf 90' lang='lat' dir='ltr'><strong>post</strong></span> <span class='ocrx_word' id='word_1_151' title='bbox 1902 2921 2034 2966; x_wconf 89' lang='lat' dir='ltr'><strong>sec.</strong></span> <span class='ocrx_word' id='word_1_152' title='bbox 2080 2896 2218 2965; x_wconf 87' lang='lat' dir='ltr'><strong>rad.</strong></span> <span class='ocrx_word' id='word_1_153' title='bbox 2256 2902 2287 2964; x_wconf 83' lang='lat' dir='ltr'><strong>i</strong></span> <span class='ocrx_word' id='word_1_154' title='bbox 2325 2899 2515 2965; x_wconf 88' lang='lat' dir='ltr'><strong>habet</strong></span> <span class='ocrx_word' id='word_1_155' title='bbox 2544 2896 2597 2960; x_wconf 87' lang='lat' dir='ltr'><strong>in</strong></span> 
     </span>
     <span class='ocr_line' id='line_1_19' title="bbox 342 3007 2598 3101; baseline -0.005 -18"><span class='ocrx_word' id='word_1_156' title='bbox 342 3014 596 3095; x_wconf 87' lang='lat' dir='ltr'><strong>activis,</strong></span> <span class='ocrx_word' id='word_1_157' title='bbox 663 3037 708 3077; x_wconf 89' lang='lat' dir='ltr'><strong>a</strong></span> <span class='ocrx_word' id='word_1_158' title='bbox 751 3013 815 3077; x_wconf 90' lang='lat' dir='ltr'><strong>in</strong></span> <span class='ocrx_word' id='word_1_159' title='bbox 856 3007 1151 3099; x_wconf 79' lang='lat' dir='ltr'><strong>passivis,</strong></span> <span class='ocrx_word' id='word_1_160' title='bbox 1191 3008 1422 3077; x_wconf 90' lang='lat' dir='ltr'><strong>eodem</strong></span> <span class='ocrx_word' id='word_1_161' title='bbox 1467 3011 1661 3079; x_wconf 90' lang='lat' dir='ltr'><strong>modo</strong></span> <span class='ocrx_word' id='word_1_162' title='bbox 1704 3024 1902 3101; x_wconf 64' lang='lat' dir='ltr'><strong>part,</strong></span> <span class='ocrx_word' id='word_1_163' title='bbox 1946 3015 2211 3083; x_wconf 73' lang='lat' dir='ltr'><strong>externa</strong></span> <span class='ocrx_word' id='word_1_164' title='bbox 2252 3013 2426 3079; x_wconf 82' lang='lat' dir='ltr'><strong>vocis</strong></span> <span class='ocrx_word' id='word_1_165' title='bbox 2464 3007 2598 3075; x_wconf 88' lang='lat' dir='ltr'><strong>initii</strong></span> 
     </span>
     <span class='ocr_line' id='line_1_20' title="bbox 341 3120 2598 3219; baseline -0.004 -23"><span class='ocrx_word' id='word_1_166' title='bbox 341 3128 724 3196; x_wconf 80' lang='lat' dir='ltr'><strong>formatione</strong></span> <span class='ocrx_word' id='word_1_167' title='bbox 778 3124 1158 3214; x_wconf 86' lang='lat' dir='ltr'><strong>imperfecto</strong></span> <span class='ocrx_word' id='word_1_168' title='bbox 1230 3147 1384 3213; x_wconf 84' lang='lat' dir='ltr'><strong>par3</strong></span> <span class='ocrx_word' id='word_1_169' title='bbox 1452 3125 1570 3192; x_wconf 85' lang='lat' dir='ltr'><strong>nisi</strong></span> <span class='ocrx_word' id='word_1_170' title='bbox 1627 3123 1803 3214; x_wconf 84' lang='lat' dir='ltr'><strong>quod</strong></span> <span class='ocrx_word' id='word_1_171' title='bbox 1845 3136 2008 3219; x_wconf 87' lang='lat' dir='ltr'><strong>part.</strong></span> <span class='ocrx_word' id='word_1_172' title='bbox 2059 3147 2205 3192; x_wconf 84' lang='lat' dir='ltr'><strong>cum</strong></span> <span class='ocrx_word' id='word_1_173' title='bbox 2247 3126 2451 3215; x_wconf 89' lang='lat' dir='ltr'><strong>prima</strong></span> <span class='ocrx_word' id='word_1_174' title='bbox 2491 3120 2598 3211; x_wconf 84' lang='lat' dir='ltr'><strong>syl-</strong></span> 
     </span>
     <span class='ocr_line' id='line_1_21' title="bbox 337 3235 2599 3319; baseline -0.004 -10"><span class='ocrx_word' id='word_1_175' title='bbox 337 3241 486 3309; x_wconf 85' lang='lat' dir='ltr'><strong>laba</strong></span> <span class='ocrx_word' id='word_1_176' title='bbox 539 3239 740 3307; x_wconf 77' lang='lat' dir='ltr'><strong>vocali</strong></span> <span class='ocrx_word' id='word_1_177' title='bbox 798 3260 926 3305; x_wconf 91' lang='lat' dir='ltr'><strong>non</strong></span> <span class='ocrx_word' id='word_1_178' title='bbox 977 3235 1265 3319; x_wconf 81' lang='lat' dir='ltr'><strong>differat,</strong></span> <span class='ocrx_word' id='word_1_179' title='bbox 1343 3236 1409 3303; x_wconf 86' lang='lat' dir='ltr'><strong>in</strong></span> <span class='ocrx_word' id='word_1_180' title='bbox 1463 3238 1523 3304; x_wconf 88' lang='lat' dir='ltr'>V</span> <span class='ocrx_word' id='word_1_181' title='bbox 1568 3238 1759 3306; x_wconf 84' lang='lat' dir='ltr'><strong>etiam</strong></span> <span class='ocrx_word' id='word_1_182' title='bbox 1803 3251 1870 3310; x_wconf 89' lang='lat' dir='ltr'><strong>et</strong></span> <span class='ocrx_word' id='word_1_183' title='bbox 1909 3239 2016 3307; x_wconf 82' lang='lat' dir='ltr'><strong>VI.</strong></span> <span class='ocrx_word' id='word_1_184' title='bbox 2059 3250 2139 3308; x_wconf 86' lang='lat' dir='ltr'><strong>st.</strong></span> <span class='ocrx_word' id='word_1_185' title='bbox 2193 3240 2467 3307; x_wconf 81' lang='lat' dir='ltr'><strong>activum</strong></span> <span class='ocrx_word' id='word_1_186' title='bbox 2502 3257 2599 3301; x_wconf 79' lang='lat' dir='ltr'><strong>vo-</strong></span> 
     </span>
     <span class='ocr_line' id='line_1_22' title="bbox 339 3349 2597 3441; baseline -0.004 -18"><span class='ocrx_word' id='word_1_187' title='bbox 339 3357 460 3423; x_wconf 87' lang='lat' dir='ltr'><strong>cali</strong></span> <span class='ocrx_word' id='word_1_188' title='bbox 516 3356 547 3421; x_wconf 87' lang='lat' dir='ltr'><strong>i</strong></span> <span class='ocrx_word' id='word_1_189' title='bbox 602 3354 1000 3441; x_wconf 82' lang='lat' dir='ltr'><strong>distinguere</strong></span> <span class='ocrx_word' id='word_1_190' title='bbox 1060 3352 1335 3439; x_wconf 80' lang='lat' dir='ltr'><strong>cogitur.</strong></span> <span class='ocrx_word' id='word_1_191' title='bbox 1464 3349 1602 3419; x_wconf 88' lang='lat' dir='ltr'><strong>Sed</strong></span> <span class='ocrx_word' id='word_1_192' title='bbox 1662 3352 1727 3418; x_wconf 93' lang='lat' dir='ltr'><strong>in</strong></span> <span class='ocrx_word' id='word_1_193' title='bbox 1780 3353 1899 3419; x_wconf 86' lang='lat' dir='ltr'><strong>IX.</strong></span> <span class='ocrx_word' id='word_1_194' title='bbox 1941 3352 2074 3435; x_wconf 89' lang='lat' dir='ltr'><strong>XI,</strong></span> <span class='ocrx_word' id='word_1_195' title='bbox 2150 3352 2302 3441; x_wconf 87' lang='lat' dir='ltr'><strong>quia</strong></span> <span class='ocrx_word' id='word_1_196' title='bbox 2365 3350 2597 3420; x_wconf 87' lang='lat' dir='ltr'><strong>omnino</strong></span> 
     </span>
     <span class='ocr_line' id='line_1_23' title="bbox 335 3462 2596 3558; baseline -0.003 -20"><span class='ocrx_word' id='word_1_197' title='bbox 335 3470 519 3538; x_wconf 84' lang='lat' dir='ltr'><strong>activi</strong></span> <span class='ocrx_word' id='word_1_198' title='bbox 577 3480 646 3538; x_wconf 88' lang='lat' dir='ltr'><strong>et</strong></span> <span class='ocrx_word' id='word_1_199' title='bbox 700 3466 930 3558; x_wconf 83' lang='lat' dir='ltr'><strong>passivi</strong></span> <span class='ocrx_word' id='word_1_200' title='bbox 986 3463 1361 3534; x_wconf 80' lang='lat' dir='ltr'><strong>discriminis</strong></span> <span class='ocrx_word' id='word_1_201' title='bbox 1426 3465 1698 3555; x_wconf 82' lang='lat' dir='ltr'><strong>ignarae</strong></span> <span class='ocrx_word' id='word_1_202' title='bbox 1754 3476 1902 3533; x_wconf 89' lang='lat' dir='ltr'><strong>sunt</strong></span> <span class='ocrx_word' id='word_1_203' title='bbox 1966 3462 2030 3554; x_wconf 82' lang='lat'><strong>§.</strong></span> <span class='ocrx_word' id='word_1_204' title='bbox 2065 3466 2226 3547; x_wconf 85' lang='grc'>229,</span> <span class='ocrx_word' id='word_1_205' title='bbox 2302 3474 2509 3533; x_wconf 87' lang='lat' dir='ltr'><strong>manet</strong></span> <span class='ocrx_word' id='word_1_206' title='bbox 2554 3484 2596 3523; x_wconf 82' lang='lat' dir='ltr'><strong>a</strong></span> 
     </span>
    </p>
   </div>
   <div class='ocr_carea' id='block_1_9' title="bbox 330 3602 2598 3978">
    <p class='ocr_par' dir='ltr' id='par_1_9' title="bbox 330 3602 2598 3978">
     <span class='ocr_line' id='line_1_24' title="bbox 333 3602 2597 3747; baseline -0.004 -17"><span class='ocrx_word' id='word_1_207' title='bbox 333 3672 407 3730; x_wconf 89' lang='lat' dir='ltr'><strong>ut</strong></span> <span class='ocrx_word' id='word_1_208' title='bbox 456 3602 645 3741; x_wconf 38' lang='lat'><strong>35⁶1:</strong></span> <span class='ocrx_word' id='word_1_209' title='bbox 695 3659 1068 3747; x_wconf 77' lang='lat' dir='ltr'><strong>nigricans</strong></span> <span class='ocrx_word' id='word_1_210' title='bbox 1110 3661 1258 3727; x_wconf 87' lang='lat' dir='ltr'><strong>Sur.</strong></span> <span class='ocrx_word' id='word_1_211' title='bbox 1286 3659 1394 3741; x_wconf 83' lang='lat'><strong>43,</strong></span> <span class='ocrx_word' id='word_1_212' title='bbox 1441 3660 1542 3728; x_wconf 81' lang='lat'><strong>17.</strong></span> <span class='ocrx_word' id='word_1_213' title='bbox 1652 3659 1892 3727; x_wconf 84' lang='lat' dir='ltr'><strong>Cetera</strong></span> <span class='ocrx_word' id='word_1_214' title='bbox 1934 3657 2293 3727; x_wconf 86' lang='lat' dir='ltr'><strong>formationi</strong></span> <span class='ocrx_word' id='word_1_215' title='bbox 2337 3654 2597 3747; x_wconf 80' lang='lat' dir='ltr'><strong>singula-</strong></span> 
     </span>
     <span class='ocr_line' id='line_1_25' title="bbox 330 3771 2598 3863; baseline -0.003 -22"><span class='ocrx_word' id='word_1_216' title='bbox 330 3774 428 3841; x_wconf 87' lang='lat' dir='ltr'><strong>ria</strong></span> <span class='ocrx_word' id='word_1_217' title='bbox 487 3796 566 3840; x_wconf 86' lang='lat' dir='ltr'><strong>ex</strong></span> <span class='ocrx_word' id='word_1_218' title='bbox 641 3771 886 3860; x_wconf 86' lang='lat' dir='ltr'><strong>imperf.</strong></span> <span class='ocrx_word' id='word_1_219' title='bbox 949 3771 1329 3840; x_wconf 83' lang='lat' dir='ltr'><strong>formatione</strong></span> <span class='ocrx_word' id='word_1_220' title='bbox 1394 3794 1589 3861; x_wconf 89' lang='lat' dir='ltr'><strong>supra</strong></span> <span class='ocrx_word' id='word_1_221' title='bbox 1642 3771 1967 3861; x_wconf 71' lang='lat' dir='ltr'><strong>descripta</strong></span> <span class='ocrx_word' id='word_1_222' title='bbox 2022 3773 2378 3863; x_wconf 85' lang='lat' dir='ltr'><strong>repetenda</strong></span> <span class='ocrx_word' id='word_1_223' title='bbox 2448 3780 2598 3840; x_wconf 85' lang='lat' dir='ltr'><strong>sunt.</strong></span> 
     </span>
     <span class='ocr_line' id='line_1_26' title="bbox 331 3885 2237 3978; baseline 0.001 -23"><span class='ocrx_word' id='word_1_224' title='bbox 331 3886 528 3955; x_wconf 88' lang='lat' dir='ltr'><strong>Unde</strong></span> <span class='ocrx_word' id='word_1_225' title='bbox 569 3885 1048 3977; x_wconf 85' lang='lat' dir='ltr'><strong>participiorum</strong></span> <span class='ocrx_word' id='word_1_226' title='bbox 1090 3887 1369 3953; x_wconf 87' lang='lat' dir='ltr'><strong>omnium</strong></span> <span class='ocrx_word' id='word_1_227' title='bbox 1415 3899 1798 3978; x_wconf 90' lang='lat' dir='ltr'><strong>conspectus</strong></span> <span class='ocrx_word' id='word_1_228' title='bbox 1841 3886 2059 3977; x_wconf 86' lang='lat' dir='ltr'><strong>prodit</strong></span> <span class='ocrx_word' id='word_1_229' title='bbox 2099 3889 2237 3956; x_wconf 90' lang='lat' dir='ltr'><strong>hic:</strong></span> 
     </span>
    </p>
   </div>
  </div>
 </body>
</html>
