2675 4692
935 227 1476 362 Prolegomena.
1564 296 1570 303 ·
2240 300 2277 367 1
2293 302 2328 368 1

72 463 252 509 sem
300 443 380 533 ¹)
439 453 508 513 et
569 444 802 512 nullum
873 468 955 513 ex
1026 447 1123 514 his
1182 446 1513 520 Islamismi
1567 456 1930 543 primordiis
1978 464 2336 553 scripturae

72 558 391 645 specimen
433 571 755 627 servatum
800 571 913 626 aut
948 563 1127 629 nobis
1173 562 1506 655 hucusque
1548 571 1894 659 cognitum.
2000 578 2136 644 Sed
2187 603 2337 649 mox

70 671 221 738 baec
280 682 537 741 mutata
600 687 701 742 est
752 672 1049 743 conditio.
1144 677 1550 766 Expugnatis
1610 685 1776 753 enim
1825 688 2134 760 tractibus
2175 695 2335 761 Ara-

1 825 4 886 }
70 785 205 851 biae
256 788 744 875 septentrionali
816 791 1252 871 conterminis,
1287 792 1566 874 IraciS‚
1639 794 2141 888 Mesopotamia,
2209 808 2334 898 Sy-

1 889 4 952 3
64 903 187 983 ria,
279 924 620 993 novaeque
692 901 993 990 subjectis
1060 902 1388 991 religionis
1440 907 1719 994 placitis,
1793 913 2047 997 literae,
2119 919 2337 1006 quales

66 1028 195 1084 tmn
246 1016 575 1082 Arabibus
647 1036 790 1081 esse
851 1026 1146 1104 poterant
1212 1018 1599 1104 Islamiticis‚
1670 1016 1734 1090 in
1789 1024 1956 1093 hanc
2016 1031 2338 1121 antiquam

1 1177 2 1180 κ
68 1155 236 1199 suam
283 1130 546 1198 rediere
583 1129 892 1219 patriam,
932 1128 1339 1197 Chalifarum
1366 1146 1635 1224 ‘quoque
1677 1137 1785 1203 ⁴hic
1826 1143 2167 1230 praecipue
2222 1144 2335 1211 de-

68 1245 356 1333 gentium
408 1245 677 1333 imperio
742 1243 1153 1332 conspicuam
1208 1243 1460 1313 factam.
1558 1247 1784 1337 Itaque
1822 1252 1885 1317 in
1930 1256 2190 1323 urbibus
2231 1280 2336 1323 re-

1 1383 2 1434 3
70 1381 206 1424 cens
286 1356 565 1425 conditis
619 1356 863 1438 Basra
917 1354 1012 1445 (a.
1054 1358 1143 1424 H.
1183 1356 1304 1445 14)
1365 1369 1432 1426 et
1495 1359 1680 1450 Casa
1734 1360 1829 1450 (a.
1866 1366 1954 1433 H.
2007 1367 2125 1455 18)
2186 1393 2335 1438 mox

1 1533 2 1540 ,
64 1473 303 1539 Korani
368 1483 550 1539 tanta
610 1481 677 1538 et
738 1470 1054 1559 elegantia
1112 1482 1180 1539 et
1239 1473 1427 1560 copia
1469 1472 1770 1563 descripti
1811 1490 1990 1561 sunt,
2058 1494 2132 1549 ut
2172 1507 2338 1551 nova

1 1593 2 1600 ’
65 1585 216 1651 baec
270 1585 634 1673 scripturae
693 1607 937 1673 genera
993 1586 1338 1653 Meccense
1410 1598 1477 1654 et
1527 1588 1901 1659 Medinense
1961 1593 2025 1660 in
2078 1596 2335 1665 oblivio-

64 1724 199 1766 nem
238 1699 386 1766 fere
428 1697 843 1768 adducerent.
946 1700 1080 1767 Sed
1123 1699 1472 1790 praecipue
1516 1702 1687 1791 quod
1731 1705 1941 1775 Cufae
1985 1709 2338 1797 scripturae

70 1836 260 1902 genus
325 1812 655 1902 peculiare
702 1824 772 1881 et
824 1813 1142 1902 elegantia
1181 1814 1436 1902 insigne
1478 1826 1694 1883 natum
1738 1827 1865 1899 est,
1907 1831 2147 1888 tantam
2187 1846 2336 1893 mox

74 1928 362 2018 adeptum
404 1941 508 1996 est
552 1927 784 1993 famam
824 1950 1135 2017 usumque
1175 1928 1567 2009 latissimum,
1611 1928 1684 1997 ut
1707 1930 1954 2020 reliquis
1978 1934 2176 2023 longe
2207 1937 2334 2005 fre-

75 2045 348 2130 quentius
394 2043 462 2107 in
500 2040 782 2108 Karanis
811 2045 1355 2129 monumentisque
1380 2041 1647 2131 publicis
1680 2046 2037 2123 usitaremr.
2078 2049 2332 2119 Instite-

1 2237 2 2256 Χ
72 2170 327 2246 mntque
369 2155 679 2223 Cufensis
721 2153 975 2221 scholae
1014 2130 1296 2222 asseclae
1334 2157 1693 2223 characteri
1734 2179 1851 2224 suo
1890 2156 2107 2229 illustri
2154 2174 2331 2231 tanto

1 2265 4 2332 Ϊ
70 2266 285 2335 deinde
301 2291 529 2337 amore
556 2279 631 2335 ut
654 2291 798 2334 cum
812 2266 1128 2338 scribendi
1143 2292 1350 2358 genus
1373 2268 1692 2351 minutius,
1716 2269 1956 2340 facilius
1984 2284 2048 2341 et
2066 2277 2332 2363 gratius,

1 2377 2 2380 ¹
70 2385 305 2449 omnino
325 2384 497 2449 vitae
518 2381 765 2468 vulgari
783 2382 987 2470 magis
1012 2381 1311 2449 idoneum
1327 2383 1650 2470 paullatim
1669 2383 2098 2471 invalesceret,
2121 2390 2203 2456 illi
2226 2416 2330 2458 ve·
2377 2416 2385 2423 ·

1 2407 4 2596 .
70 2506 251 2564 terem
264 2496 653 2585 scripturam
665 2493 1071 2582 grandiorem
1092 2508 1159 2562 et
1176 2480 1551 2565 crassiorem
1564 2498 1883 2567 obstinate
1897 2514 2221 2571 servarent
2239 2502 2330 2592 ²)-

146 2654 155 2659 ·
210 2635 392 2701 Nam
449 2632 769 2701 scribendi
802 2654 1010 2721 genus
1052 2634 1348 2702 minutius
1373 2647 1461 2706 *et
1500 2635 1774 2719 facilius,
1815 2652 1889 2707 ut
1927 2663 2047 2728 per
2086 2664 2172 2721 se,
2202 2640 2329 2708 fre-
2375 2675 2442 2724 19

70 2750 269 2835 quenti
318 2772 445 2816 usu
486 2747 673 2815 facile
716 2748 1053 2829 formatur,
1114 2758 1451 2836 ortumque
1491 2773 1635 2818 esse
1679 2750 1854 2838 apud
1893 2755 2138 2820 Arabes
2180 2754 2330 2822 satis

62 2861 177 2949 jam
223 2873 487 2930 mature
533 2881 684 2927 vero
725 2860 925 2928 simile
966 2872 1069 2929 est
1111 2860 1221 2949 ³),
1274 2861 1367 2928 ita
1398 2863 1697 2952 imprimis
1741 2888 1781 2930 a
1817 2865 2139 2952 Bagdado
2181 2866 2332 2932 inde

71 2974 312 3042 condita
386 2975 455 3040 in
514 2974 637 3040 hac
690 2974 828 3062 ipsa
888 2975 1049 3041 urbe
1120 2972 1331 3041 or'tum
1388 2985 1454 3041 et
1509 2975 1874 3044 adamatum
1932 2977 2126 3044 fuisse
2179 2978 2328 3045 Ibn-

72 3087 357 3155 ffldnn
408 3087 484 3174 3)
555 3098 841 3163 testatur.
965 3088 1168 3178 Cujus
1239 3109 1425 3153 usum
1479 3087 1721 3157 dudum
1779 3087 1845 3156 in
1904 3090 2029 3156 vita
2082 3090 2329 3181 vulgari

72 3206 398 3290 probatum
447 3201 709 3271 tandem
764 3199 1161 3267 [bn-Mokla
1201 3203 1447 3269 vezirus
1487 3204 1747 3290 insignis
1794 3204 1915 3287 (m.
1954 3226 2012 3268 a.
2052 3202 2220 3288 326)
2260 3203 2326 3269 in

71 3317 318 3405 publicis
357 3338 615 3405 quoque
653 3315 813 3382 actis
855 3324 922 3381 et
956 3315 1375 3382 monumentis
1417 3338 1537 3382 suo
1579 3315 1867 3403 exemplo
1904 3316 2210 3398 sacravit,
2251 3327 2325 3385 ut

142 3552 203 3619 1)
255 3552 537 3605 memoires
590 3534 624 3603 L
663 3567 713 3603 c.
748 3569 799 3620 p.
823 3555 933 3603 203
987 3567 1063 3617 sq.
1109 3554 1217 3604 809
1266 3556 1321 3601 et
1362 3552 1427 3604 al.
1480 3550 1768 3618 Praecipue
1812 3544 1911 3599 hoc
1955 3547 2074 3614 ejus
2122 3548 2322 3613 insigne

264 3640 438 3693 ferunt
498 3646 738 3692 auctores
791 3639 1045 3702 historici,
1094 3639 1230 3707 quod
1273 3630 1291 3695 l
1328 3640 1562 3692 dextram
1609 3652 1787 3690 versus
1819 3638 1982 3704 magis
2029 3636 2320 3690 incluiatmn

264 3710 415 3792 erat,
462 3730 695 3793 syriacae
733 3743 860 3795 ergo
895 3729 1168 3795 antiquiori
1201 3728 1431 3783 similius.

138 3825 201 3890 2)
252 3843 301 3877 r.
334 3824 758 3892 Iba-Khaldun,
791 3824 978 3881 chrest.
1012 3828 1074 3883 T.
1098 3832 1149 3881 2.
1186 3847 1235 3898 p.
1268 3831 1389 3881 125.

145 3924 206 3990 3)
256 3922 603 3979 diameter-em
665 3924 799 3978 hunc
864 3929 1030 3994 primo
1084 3904 1437 3994 jam'.seculo
1495 3930 1549 3978 et
1597 3920 1808 3976 secundi
1857 3918 2002 3973 initio
2052 3922 2314 3989 vulgatum

263 4015 454 4082 fuisse,
493 4032 561 4070 ex
596 4013 796 4068 schedis
832 4018 1116 4083 nonnullis,
1165 4034 1381 4086 quarum
1415 4022 1524 4069 tres
1557 4012 1621 4066 ad
1658 4029 1844 4065 annum
1883 4015 2015 4077 130,
2065 4026 2218 4063 unam
2249 4012 2317 4062 ad

259 4123 307 4174 a.
344 4110 418 4159 40
464 4108 724 4175 pertinere
774 4110 955 4175 putat,
1003 4088 1183 4161 recens
1218 4124 1285 4160 ex
1320 4109 1562 4173 Aegypto
1600 4102 1834 4156 adductis
1869 4102 2085 4169 probare
2120 4100 2316 4153 studuit

262 4193 329 4246 de
360 4196 501 4261 Sacy
518 4233 537 4259 ‚
586 4196 800 4248 Journal
853 4196 944 4248 des
997 4198 1195 4249 Savans
1229 4201 1371 4252 1825
1426 4214 1477 4265 p.
1519 4198 1623 4249 466
1657 4210 1770 4261 sqq.
1847 4190 2026 4244 Journ.
2065 4190 2314 4256 uiatique
2416 4217 2420 4221 .

259 4283 323 4337 T.
346 4290 396 4338 1.
431 4296 488 4355 p.
523 4289 645 4339 104.
683 4284 855 4340 T.'10.
890 4304 941 4354 p.
980 4290 1257 4341 209-231.
