2675 4692
609 157 726 228 De
776 168 972 228 statu
1021 168 1436 232 constructo
1487 171 1560 231 et
1604 164 1939 257 genitivo.
2169 142 2182 154 ⁴
2327 181 2424 248 21

296 344 359 409 2.
400 340 658 408 Deinde
700 342 878 430 prius
921 365 1157 409 nomen
1199 341 1592 409 articulum
1635 344 1812 411 haud
1853 347 2011 429 sert,
2056 358 2283 441 utpote
2312 349 2426 438 qui
2460 368 2568 416 529

116 426 195 522 id
241 455 616 525 detenturus
656 458 866 546 potius
910 457 1135 544 suique
1167 453 1333 545 juris
1379 454 1665 524 facturus
1711 470 1915 543 esset3
1975 483 2208 529 nomen
2253 463 2417 530 enim

121 570 400 638 articulo
457 582 719 638 auctum
779 568 949 637 haud
996 569 1189 636 dubie
1245 571 1313 640 in
1365 592 1436 637 se
1476 571 1617 659 ipso
1657 574 2009 661 perfectius
2056 589 2155 644 est
2194 588 2262 645 et
2302 579 2415 645 ab·

120 682 412 752 solutius.
530 684 760 775 Itaque
817 683 1080 750 articulo
1139 684 1191 750 si
1260 707 1422 772 opus
1487 698 1616 765 est,
1682 684 1768 752 ad
1824 686 2108 756 ultimum
2151 689 2413 780 junctu-

116 818 242 862 rae
285 818 516 863 nomen
572 797 664 864 ita
706 797 1024 887 rejicitur,
1099 809 1172 865 ut
1214 797 1305 865 vis
1351 809 1565 866 tamen
1609 799 1744 891 ejus
1790 800 1872 867 ad
1912 812 2113 869 totam
2150 802 2413 893 junctu-

118 932 267 977 ram
327 910 743 983 arctissimam
794 911 1125 1001 pertineat.
1240 912 1428 993 Quae
1485 924 1699 980 autem
1766 938 1954 982 voces
2017 939 2094 984 ex
2152 914 2218 1006 §-
2262 920 2412 985 507.

117 1046 244 1113 per
306 1046 381 1090 se
438 1021 736 1093 definitae
780 1036 960 1104 sunt,
1033 1047 1152 1090 eae
1205 1028 1324 1095 etsi
1384 1028 1634 1096 articuli
1677 1042 1968 1118 expertes
2014 1031 2079 1095 in
2118 1032 2411 1098 omnibus

119 1138 224 1204 his
272 1136 590 1227 juncturis
646 1161 775 1205 non
827 1139 1030 1206 minus
1089 1137 1296 1206 valent
1356 1162 1544 1230 quam
1605 1141 1869 1210 articulo
1915 1155 2163 1211 auctae.
2252 1144 2409 1211 Plu·

119 1253 289 1319 rima
334 1262 547 1320 tamen
603 1253 669 1321 in
710 1252 973 1341 singulis
1019 1254 1298 1329 cernitur
1344 1254 1653 1322 varietas:

298 1413 378 1500 1)
425 1392 832 1483 Substantira
865 1414 1055 1505 jungi
1111 1426 1383 1504 possunt
1418 1438 1711 1503 prorsus
1754 1416 2076 1496 diversa,
2135 1437 2407 1504 quorum

121 1527 396 1597 alterum
463 1551 502 1594 e
557 1528 817 1597 notione
875 1530 993 1594 sua
1058 1552 1096 1596 a
1147 1530 1365 1617 priore
1417 1552 1679 1619 prorsus
1743 1528 2063 1596 diversum
2121 1539 2252 1611 eat,
2334 1541 2409 1597 ut

118 1666 249 1708 rex
291 1679 379 1692 -
421 1653 633 1709 term.
732 1642 923 1709 Haec
977 1663 1142 1707 nexu
1202 1643 1474 1710 maxime
1527 1643 1890 1711 necessario
1933 1654 2000 1709 et
2041 1654 2222 1710 arcto
2256 1642 2408 1733 jun-

117 1769 402 1852 guntur;
463 1779 677 1845 neque
731 1756 897 1825 enim
960 1757 1135 1845 prius
1192 1757 1535 1846 posteriori
1588 1756 1888 1848 jungitur
1953 1756 2071 1824 nisi
2114 1757 2173 1824 vi
2217 1756 2405 1847 hujus

115 1893 343 1938 nexus,
444 1871 667 1947 Quare
721 1872 777 1939 si
828 1883 1167 1959 utrumque
1216 1871 1548 1939 definitum
1593 1870 2008 1959 cogitandum
2053 1881 2187 1952 est,
2255 1873 2406 1938 arti·

118 1984 303 2053 culus
346 1986 719 2075 posteriori,
785 1986 881 2052 vel
934 1986 989 2054 si
1030 1986 1210 2076 plura
1255 1985 1512 2053 duobus
1555 1987 1811 2052 nomina
1858 1984 2114 2067 adsint,
2183 1983 2403 2053 ultimo

116 2173 522 2264 praepositus
565 2172 648 2242 ad
700 2183 900 2241 totam
946 2173 1319 2263 jl¹¹¹⁰t⁰mm
1373 2173 1737 2242 ¹¹⁹⁰es⁸ari⁰
1778 2173 2090 2269 perfinet’
2146 2183 2221 2241 ut
2263 2116 2404 2277 ᾧ

199 2311 342 2354 οἱα-ο

116 2368 303 2481 υξγδῖῑ
363 2401 492 2446 rex
534 2390 799 2462 terrae,
871 2378 907 2450 ὁ
957 2384 1078 2470 τῆς
1120 2382 1244 2470 γῆς
1285 2377 1643 2470 βασιλεύς,
1705 2377 1790 2444 de
1833 2390 2014 2447 certo
2058 2401 2221 2468 rege
2261 2402 2404 2448 cer-

114 2545 313 2630 taque
354 2542 544 2608 terra.
585 2578 673 2592 —-
756 2539 1006 2609 Accidit
1046 2551 1258 2608 tamen
1304 2537 1661 2619 interdum,
1707 2550 1781 2608 ut
1825 2540 1907 2605 ab
1950 2539 2130 2608 initio
2171 2551 2403 2606 nomen

115 2652 375 2744 aliquod
421 2653 741 2736 absolute,
789 2678 996 2745 eoque
1036 2657 1177 2744 ipso
1222 2677 1372 2722 cum
1413 2654 1680 2723 articulo
1730 2667 2039 2745 ponatur,
2087 2652 2263 2743 quod
2305 2667 2402 2722 ta-

114 2792 265 2837 men
340 2793 490 2837 mox
549 2767 819 2858 loquens
875 2768 1159 2836 exactius
1227 2766 1658 2836 definiendum
1717 2792 1862 2836 esse
1926 2769 2155 2851 sentit3
2226 2768 2402 2834 unde

113 2883 288 2950 idem
352 2906 589 2950 nomen
646 2883 857 2949 denuc
923 2883 1061 2949 sine
1116 2883 1382 2950 articulo
1438 2882 1504 2949 in
1562 2895 1733 2951 statu
1791 2897 2025 2951 constr.
2070 2884 2400 2972 repetitur.

112 2998 354 3087 Fitque
418 2996 486 3064 id
543 2997 854 3077 maxime,
912 2996 964 3062 si
1023 2997 1198 3085 prius
1241 3019 1475 3063 nomen
1518 2997 1911 3089 aliquatenus
1949 2997 2084 3088 jam
2127 2996 2212 3063 ad
2254 3020 2400 3063 sen-

1724 3142 1761 3159 ..-
1779 3127 1975 3160 :aas
2045 3115 2124 3160 of.
2170 3127 2199 3160 ³
2237 3115 2374 3159 030

114 3187 354 3258 tentiae
395 3185 518 3255 vim
562 3183 863 3252 sufficere
898 3182 1177 3272 loquenti
1220 3182 1488 3252 videtur.
1574 3185 1734 3252 Ita
1706 3126 2114 3259 ‘immuunt
2146 3143 2399 3263 tal-gabli

114 3313 425 3383 tractus,
486 3307 762 3366 tractus
815 3296 987 3361 coeli
1038 3298 1198 3364 Sur:
1225 3298 1346 3379 40,
1396 3298 1500 3364 38.
1544 3298 1640 3366 cll.
1683 3293 1804 3379 48,
1846 3299 1950 3366 26.
1996 3298 2162 3365 Tab.
2207 3321 2267 3395 p.
2290 3299 2397 3373 99,

114 3419 216 3485 11.
264 3416 413 3496 156,
456 3413 564 3480 ult.
598 3412 766 3492 164,
795 3412 858 3477 6.
900 3411 1062 3478 Kos·
1099 3410 1232 3478 chr.
1275 3433 1337 3498 p.
1368 3412 1474 3492 59,
1514 3414 1612 3482 10.
1698 3412 2052 3483 Rarissime
2097 3411 2393 3501 repetitio

1032 3556 1056 3571 a
1102 3540 1216 3571 ‚oa-o
1262 3538 1292 3570 ³
1316 3540 1388 3571 ου
1433 3541 1490 3571 0-

112 3604 379 3673 nominis
408 3600 642 3669 omissa
668 3610 798 3680 est,
862 3611 935 3666 ut
982 3588 1192 3701 {agen
1236 3527 1478 3688 „ess-,³31
1516 3596 1817 3666 Tua-mae
1850 3601 2181 3667 Medinae
2201 3600 2394 3669 Elna-

110 3765 243 3833 vavi
282 3787 345 3852 p.
361 3763 468 3843 48,
501 3764 564 3842 5,
591 3783 735 3827 cum
782 3783 977 3849 saepe
1021 3758 1210 3827 etiam
1255 3758 1391 3826 sola
1434 3783 1556 3826 vox
1604 3744 1846 3847 &2²35
1888 3755 1973 3827 de
2007 3758 2135 3828 hac
2166 3783 2242 3830 re
2269 3762 2394 3832 sol-

106 3878 327 3945 lemnis
374 3878 488 3960 sit3
556 3875 639 3942 cf.
683 3873 902 3941 Abulf.
946 3896 1088 3941 ann.
1130 3871 1316 3940 Musl.
1352 3873 1404 3940 Ι.
1445 3897 1506 3962 p.
1534 3874 1680 3940 104.

277 4096 351 4165 Si
414 4099 590 4188 prius
651 4121 885 4164 nomen
949 4119 1065 4186 per
1120 4118 1193 4161 se
1252 4091 1557 4161 indefiniti
1616 4094 1768 4182 quid
1823 4094 2058 4175 habet,
2123 4095 2389 4164 alterum
2424 4131 2537 4181 530

104 4235 220 4303 per
275 4237 351 4281 se
405 4213 737 4282 definitum
795 4211 892 4278 vel
955 4211 1050 4277 sic
1105 4207 1439 4276 articulum
1484 4232 1738 4277 servare
1773 4223 2027 4301 potest,
2076 4209 2268 4278 modo
2310 4234 2392 4281 ne
