2675 4692
3 334 6 443 j
945 319 1171 392 Verbi
1224 322 1460 447 flexio.
2208 338 2356 420 129

88 508 433 575 mitet-sum
496 515 759 574 notatur
815 517 844 571 t
887 506 1284 594 praeposito,
1351 526 1560 595 eaque
1607 506 1814 572 forma
1855 504 2093 576 sufficit
2135 507 2222 576 ad
2262 531 2358 574 m.

84 643 173 709 ag.
223 616 650 707 signandum;
714 630 931 687 cetera
983 618 1240 707 generis
1296 619 1672 707 numerique
1714 618 2038 689 denotatio
2097 622 2165 688 in
2226 624 2358 691 fine

85 733 341 801 accedit.
458 734 647 808 Quae
703 733 959 822 quidem
1015 735 1078 799 in
1136 732 1219 822 pl.
1274 730 1503 797 eadem
1554 742 1653 800 est
1693 756 1861 821 quae
1913 734 1957 801 3
1998 758 2093 823 ps.
2128 734 2247 825 pl.;
2313 736 2356 803 Γ.

84 860 283 916 autem
342 832 600 935 sg.t1za
640 845 972 929 adsciscit,
1048 845 1132 913 ad
1167 848 1189 911 i
1231 868 1310 911 ex
1353 867 1535 935 pron.
1576 848 1737 912 anti
1779 858 1991 915 ortum
2028 872 2125 915 na
2169 872 2360 917 acce-

3 1022 6 1115 ᾗ
82 1007 257 1077 dente
301 1031 388 1074 ex
415 1008 833 1143 formarum„
831 1018 902 1074 un
869 1022 943 1074 ηᾰ
986 1005 1404 1075 similitudine.
1503 1005 1717 1094 Igitur
1754 998 1944 1086 3⁸⁸³,
2001 1007 2044 1073 Γ.
2090 994 2356 1096 „An-³,

78 1166 147 1254 pl.
185 1191 266 1233 m.
309 1153 557 1246 &52⁶⁰
603 1167 645 1235 f.
686 1155 914 1254 ulw-
1020 1166 1103 1257 3)
1145 1189 1241 1256 pr.
1277 1191 1374 1257 ps.
1417 1165 1722 1255 singulari
1776 1167 2096 1236 notandae
2153 1169 2354 1238 inser-

79 1280 152 1347 vit
187 1275 253 1344 'a
296 1303 386 1347 ex
427 1303 608 1370 pron.
651 1304 834 1363 ana3
891 1280 976 1370 pl.
1036 1305 1082 1346 n
1143 1305 1222 1348 ex
1275 1279 1591 1359 ndclmu,
1653 1290 1727 1348 ut
1783 1305 2048 1348 numero
2091 1280 2352 1351 diversis

83 1394 373 1479 praefixis
438 1392 739 1462 distincto
798 1394 1237 1462 terminatione
1266 1392 1570 1485 quadam
1633 1393 1807 1461 haud
1860 1395 1943 1462 sit
1983 1417 2165 1484 opus,
2268 1395 2352 1485 4)

3 1548 4 1551 =
79 1504 264 1573 dualis
327 1507 695 1575 terminatio
749 1506 856 1573 hic
896 1530 1154 1596 quoque
1203 1530 1332 1573 non
1374 1506 1636 1595 simplex
1680 1518 1778 1575 est
1818 1532 1888 1589 a,
1954 1508 2072 1576 sed
2110 1510 2356 1598 plenior

78 1630 170 1687 dat
199 1621 764 1689 terminationibus
806 1633 917 1688 άηᾶ
932 1671 946 1696 ,
983 1637 1080 1689 έηᾶ
1121 1619 1554 1711 respondeum
1625 1644 1830 1711 eaque
1873 1623 2091 1691 formis
2130 1624 2355 1712 singu-

73 1728 292 1801 laribus
339 1735 644 1824 subjecta
687 1736 837 1804 satis
883 1737 1055 1803 hunc
1102 1756 1437 1803 numerum
1478 1732 1825 1822 distinguit.

3 1960 6 1965 θ
221 1873 559 1940 Omnibus
618 1874 860 1943 collatis
915 1897 1336 1965 personarum
1377 1883 1564 1940 notas
1606 1873 1672 1938 in
1711 1876 1983 1964 utraque
2025 1875 2231 1941 forma
2264 1875 2355 1943 ita
2372 1904 2483 1954 218

3 1982 6 2035 ὲ
72 2005 199 2051 esse
241 1985 595 2055 distinctas
637 2000 846 2079 patet,
918 2002 992 2058 ut
1032 1990 1166 2058 sola
1206 1987 1250 2054 3
1292 2008 1393 2075 sg.
1439 1987 1503 2053 Γ.-
1523 1987 1770 2077 imperf.
1812 2011 1850 2054 a
1890 1991 1935 2056 2
1976 2012 2076 2078 sg.
2121 2014 2203 2056 m.
2251 1988 2357 2078 (et
2411 2009 2449 2075 -2-

3 2096 256 2167 dualis
315 2122 652 2190 personae
711 2103 859 2169 hinc
896 2100 1254 2188 derivatae)
1297 2122 1457 2167 sono
1500 2099 1676 2166 haud
1719 2100 2008 2186 differat3
2073 2102 2353 2169 videtur-

3 2360 6 2429 l
69 2387 262 2458 esset,
331 2376 562 2465 paullo
616 2378 818 2444 serius
876 2377 965 2445 ita
1029 2401 1174 2445 esse
1235 2372 1566 2454 distincta,
1634 2384 1709 2442 ut
1750 2385 1780 2439 t
1823 2397 1901 2441 ex
1940 2387 2018 2440 at
2012 2304 2357 2466 ’ejusdem

3 2548 4 2557 ,
67 2512 378 2576 pensonae
412 2490 576 2579 pers.
618 2488 970 2557 derivatum
1001 2490 1121 2557 sibi
1161 2490 1572 2579 praefigeret.
1654 2487 2153 2575 Agnoscendum
2185 2490 2355 2569 hinc,

3 2686 4 2689 Ἴ
67 2602 386 2689 paullatim
453 2604 724 2670 sormam
779 2600 1038 2689 linguae
1095 2613 1304 2669 ortam
1365 2624 1540 2683 esse;
1639 2622 1787 2668 nam
1855 2602 2143 2691 primitus
2203 2626 2355 2693 per-

3 2742 6 2819 ᾖ
67 2738 240 2785 sonas
306 2718 438 2784 has
483 2714 645 2785 duas
693 2715 1144 2783 diversissimas
1185 2737 1315 2781 non
1359 2712 1647 2803 ejusdem
1690 2713 1885 2783 fuisse
1925 2717 2067 2784 soni
2111 2730 2357 2786 certum

3 2838 6 2947 j
67 2853 194 2899 mse
232 2842 429 2921 putu.
1829 2918 1833 2922 ,

3 3028 4 3033 ,
213 2968 454 3037 Radix
531 2990 677 3036 cum
753 2989 834 3034 ex
900 2967 1153 3056 origine
1213 2964 1560 3033 radicalem
1619 2964 1901 3032 ultimam
1957 2965 2094 3033 sine
2156 2966 2483 3043 vocali219

3 3081 292 3179 habeat
338 3077 455 3170 (ἕ.
495 3081 697 3169 162),
755 3104 835 3147 ex
880 3081 1122 3149 suffixis
1165 3102 1332 3171 quae
1386 3079 1589 3147 vocali
1634 3079 1967 3148 ordiuntur
2006 3082 2145 3149 sine
2187 3082 2356 3150 diffi-

76 3243 288 3311 cultate
378 3251 843 3322 annectuntur,
931 3252 1002 3309 nt
1051 3227 1226 3294 «Α»
1247 3283 1271 3319 ,
1332 3182 1611 3324 ὀμ
1586 3278 1612 3315 ,
1674 3263 1968 3329 quaeque
2030 3264 2071 3307 a
2127 3262 2359 3306 conso-

3 3370 6 3371 ’
75 3370 280 3438 nante,
363 3354 660 3422 ultimam
713 3354 1057 3422 radicalem
1120 3377 1200 3421 ex
1256 3352 1486 3420 eadem
1541 3353 1753 3440 prisca
1807 3353 2095 3420 radicum
2155 3353 2359 3419 forma

77 3471 254 3536 vomu
327 3478 672 3536 carentem
727 3478 1060 3536 servarunt
1111 3466 1237 3555 (de
1290 3468 1419 3555 qua
1468 3465 1714 3533 formae
1753 3466 1901 3555 lege
1945 3466 2028 3533 cf.
2054 3461 2135 3554 §.
2169 3463 2355 3549 162),

3 3594 4 3597 Ἴ
82 3640 137 3695 ut
175 3617 410 3707 ubo,
474 3570 702 3714 Q·
809 3625 1111 3692 Praefixa
1163 3637 1379 3694 autem
1432 3636 1564 3694 tam
1605 3625 1821 3693 intime
1862 3647 2009 3691 cum
2051 3623 2356 3712 stirpibus

83 3742 401 3824 maluere,
445 3751 526 3808 ut
565 3738 860 3806 radicalis
899 3739 1140 3827 prima,
1160 3739 1238 3807 ‘si
1280 3738 1560 3807 solitaria
1603 3751 1702 3807 est
1745 3761 1952 3828 neque
1994 3761 2142 3804 cum
2176 3736 2356 3804 litera

84 3857 355 3945 sequenti
419 3855 492 3921 in
556 3852 795 3944 syllaba
851 3853 1204 3941 composita
1263 3852 1656 3933 cohaerens,
1727 3850 1831 3939 (id
1887 3849 2063 3939 quod
2123 3870 2242 3937 per
2283 3871 2356 3916 se

87 3989 189 4035 non
227 3971 360 4037 nisi
398 3969 468 4035 in
509 3977 589 4034 st.
618 3967 671 4034 Ι,
715 3966 959 4055 evenit)
1019 3989 1275 4056 semper
1322 3989 1474 4033 cum
1513 3965 1779 4056 praefixi
1819 3963 2079 4031 vocali
2061 3985 2127 4028 m
2165 3984 2357 4028 unam

1010 4069 1123 4102 ³0³0

90 4126 378 4213 syllabam
415 4125 691 4194 redacta
732 4126 846 4209 sit,
892 4139 966 4194 ut
1001 4117 1184 4211 3133·
1273 4128 1381 4194 ob
1425 4151 1617 4216 quem
1662 4144 1892 4190 nexum
1937 4119 2360 4189 arctissimum

93 4237 132 4302 ἑ
159 4241 355 4332 stirps
414 4265 456 4308 a
511 4240 716 4307 vocali
784 4241 1032 4309 orditur
1072 4240 1206 4308 sola
1251 4238 1789 4328 pronunciationis
1832 4235 2128 4302 arabicae
2167 4231 2362 4297 causa

94 4352 310 4423 adscita
360 4366 429 4423 et
471 4354 843 4422 brevissima
887 4352 990 4444 (ξ.
1024 4354 1209 4439 161),
1254 4374 1510 4440 semper
1541 4351 1777 4418 vocalis
1816 4348 1979 4411 haec
2020 4353 2166 4433 post
2200 4361 2358 4427 prae

1751 4467 1794 4529 9
