2675 4692
255 330 408 402 244
950 256 1066 381 De
1118 309 1480 383 radicibus
1529 306 1857 379 infirmis.

255 574 510 663 origine
551 573 622 660 ¹)
682 569 917 641 suffixa
959 567 1225 635 nominis
1268 567 1694 658 suffiguntur,
1750 576 1825 635 ut
1867 518 2002 701 ἔξῑὲ
2031 587 2171 644 me,
2228 520 2357 699 [3132
2394 588 2547 643 nos,

255 728 365 868 :sl-{l
413 804 609 857 eum,
670 731 818 913 ἕῑξῐ
865 787 933 842 te
975 786 1097 845 etc.

343 876 374 918 ε

706 1172 1113 1263 Appendix.
1208 1170 1325 1238 De
1365 1168 1726 1238 radicibus
1766 1165 2097 1258 infirmis.

121 1317 230 1367 374
423 1303 642 1372 Radix
680 1305 933 1372 infirma
973 1317 1105 1387 est,
1165 1327 1332 1394 quae
1392 1304 1475 1370 ob
1519 1303 1705 1370 nnius
1765 1300 2119 1391 pluriumve
2174 1299 2560 1368 radicalium

256 1416 533 1485 indolem
596 1430 663 1486 et
716 1418 931 1507 legem
988 1420 1377 1509 peculiarem
1429 1442 1472 1485 a
1516 1419 1740 1484 norma
1779 1418 1847 1483 in
1889 1415 2179 1484 radicum
2221 1416 2563 1482 firmarum

254 1533 530 1600 flexione
589 1535 862 1602 stabilita
919 1534 1061 1623 plus
1117 1535 1403 1603 minusve
1459 1531 1722 1600 recedit.
1823 1530 1903 1598 Id
1948 1553 2100 1598 vero
2143 1530 2432 1620 pluribus
2475 1550 2563 1596 ex

255 1647 463 1714 causis
504 1647 645 1713 fieri
690 1659 921 1736 potest.
1003 1648 1180 1715 Aliae
1220 1646 1475 1714 radices
1494 1697 1513 1727 ‚
1559 1670 1725 1735 quae
1767 1668 1897 1712 non
1941 1644 2026 1713 ad
2067 1644 2258 1714 trium
2293 1641 2561 1709 radica-

254 1758 408 1827 lium
457 1761 783 1828 firmarum
826 1762 1132 1828 ambitum
1176 1772 1626 1843 excreverunt,
1694 1761 1784 1829 ita
1846 1760 1994 1829 sunt
2037 1758 2432 1838 adornatae,
2484 1768 2567 1824 ut

256 1896 416 1940 sono
481 1873 685 1941 vocali
742 1875 806 1941 in
859 1886 1352 1957 consonantem,
1437 1875 1486 1943 si
1549 1898 1627 1942 ea
1687 1876 1942 1941 omnino
2002 1873 2366 1941 necessaria
2431 1882 2562 1953 est,

159 2082 166 2087 “
255 1986 561 2055 vertendo
625 2000 736 2056 aut
775 1988 1059 2056 secunda
1100 1988 1360 2056 radicali
1405 1988 1792 2077 geminanda
1834 2009 2025 2056 unam
2068 2011 2149 2054 ex
2193 1987 2399 2054 tribus
2444 2008 2561 2051 ra-

255 2098 566 2169 dicalibus
610 2103 980 2191 suppleant,
1045 2113 1121 2170 ut
1174 2125 1371 2190 supra
1431 2102 1497 2194 §.
1536 2107 1663 2173 149
1721 2103 2079 2172 summatim
2139 2113 2237 2171 est
2295 2100 2560 2189 exposi-

254 2225 408 2282 tum.
538 2216 618 2282 In
678 2217 811 2284 aliis
882 2238 1075 2284 sonus
1142 2215 1437 2283 radicalis
1490 2217 1866 2307 peculiaris,
1940 2216 2128 2283 veluti
2187 2214 2561 2303 guum-alis,

254 2329 850 2419 pronunciationem
907 2329 1193 2421 postulat
1249 2341 1323 2398 ut
1384 2332 1502 2397 sibi
1561 2354 1921 2420 congruam
1966 2331 2056 2399 ita
2098 2352 2138 2396 a
2179 2327 2329 2417 lege
2374 2350 2565 2394 com-

255 2443 429 2510 muni
490 2440 779 2509 alienam.
886 2445 964 2511 In
1029 2444 1337 2511 nonnullis
1398 2467 1756 2513 consonans
1815 2444 2132 2534 quaedam
2188 2442 2433 2509 mollior
2478 2464 2565 2508 ex

257 2578 383 2623 usn
444 2556 763 2647 frequenti
812 2557 994 2646 justo
1013 2610 1022 2615 .
1041 2558 1231 2625 etiam
1272 2556 1418 2646 plus
1458 2559 1789 2648 paullatim
1830 2558 2029 2625 deleri
2071 2568 2137 2626 et
2192 2555 2438 2623 aboleri
2484 2578 2566 2622 se

258 2767 455 2833 passa
497 2754 630 2828 est,
670 2756 743 2812 ut
803 2703 944 2831 §jv-,t
978 2768 1099 2835 pro
1139 2676 1288 2836 ⁴5⁰5}
1307 2789 1331 2824 ‚
1386 2691 1497 2835 ἐξ
1531 2770 1653 2837 pro
1699 2688 1832 2835 :233⁶
1850 2787 1873 2811 .

124 2963 233 3013 375
428 2939 686 3006 Harum
735 2937 1026 3006 radicum
1081 2941 1371 3009 flexionis
1432 2943 1694 3033 linguae
1739 2934 2036 3012 arabicae
2088 2941 2364 3008 usitatae
2410 2939 2560 3005 sun-

260 3052 630 3122 damentum
685 3052 941 3142 quidem
1006 3055 1304 3145 antiquae
1370 3060 1697 3127 semiticae
1757 3058 2044 3125 flexionis
2111 3055 2200 3124 vis
2263 3065 2331 3120 et
2391 3053 2564 3119 ratio

262 3167 640 3258 permansit,
696 3176 771 3233 ut
824 3166 1020 3235 multa
1063 3189 1193 3233 non
1232 3167 1357 3241 ‚nisi
1412 3194 1492 3238 ex
1533 3173 1782 3240 remota
1821 3171 2082 3259 ling-nae
2124 3179 2342 3237 aetate
2385 3165 2566 3231 deri-

265 3293 410 3349 vata
471 3280 810 3370 perspicua
865 3280 1056 3350 fiant:
1129 3279 1248 3348 sed
1310 3283 1374 3347 in
1433 3286 1645 3356 multis
1694 3287 1833 3377 jam
1898 3307 2062 3352 nova
2118 3280 2439 3349 succrevit
2491 3285 2565 3346 et

268 3394 639 3462 concinnior
681 3402 751 3460 et
791 3392 1143 3461 distinctior
1186 3408 1323 3465 tum
1365 3422 1520 3466 vero
1567 3400 1757 3471 etiam
1802 3399 2045 3467 firmior
2098 3397 2325 3476 flexio,
2389 3416 2567 3483 quae

268 3508 522 3577 radices
587 3508 703 3574 bas
763 3506 1068 3595 perfectis
1128 3518 1195 3574 et
1259 3512 1459 3583 firmis
1521 3515 1847 3584 similiores
1910 3511 2217 3581 redderet
2274 3506 2391 3600 (ς.
2425 3506 2565 3594 6);

271 3643 474 3713 quare
526 3621 593 3686 in
653 3620 751 3686 his
808 3620 1068 3709 antiqua
1123 3631 1191 3688 et
1246 3644 1410 3697 nova
1470 3628 1659 3696 flexio
1718 3629 1884 3695 bene
1940 3621 2399 3714 distinguenda
2441 3634 2566 3689 est.

271 3733 540 3802 Accedit
594 3730 771 3823 quod
834 3733 999 3801 haec
1056 3746 1158 3802 est
1217 3741 1475 3808 omnino
1530 3742 1790 3830 linguae
1840 3742 2141 3809 arabicae
2181 3739 2380 3807 virtus
2399 3787 2421 3818 ,
2488 3746 2570 3805 ut

271 3847 714 3937 pronunciatio
776 3846 858 3916 sit
907 3849 1267 3934 robustior,
1347 3858 1740 3926 constantior
1799 3868 1866 3933 et
1926 3855 2322 3938 distinction
2388 3849 2571 3919 unde

379 4144 443 4210 1)
493 4160 541 4197 v.
588 4114 668 4201 de·
708 4145 773 4198 ca
824 4144 964 4198 dicta
1018 4145 1072 4197 in
1120 4160 1202 4211 gr.
1257 4145 1402 4200 hebr.
1454 4160 1527 4200 cr.
1578 4164 1627 4214 p.
1661 4149 1783 4199 592.
1880 4144 2069 4203 Ortum
2116 4141 2320 4201 videtur
2355 4156 2428 4195 ex
2464 4103 2567 4241 §.g—l

481 4313 619 4351 nom.
658 4300 776 4352 sem.
813 4312 872 4343 ==
907 4246 1031 4391 zi,
1084 4246 1186 4392 Ξῖ
1229 4317 1291 4349 ==
1340 4298 1534 4363 nw.
2532 4241 2563 4283 ε

972 4400 1001 4440 s·
