2675 4692
392 303 492 373 14
1235 291 1776 389 Prolegemena.

376 477 562 568 jussu
602 475 970 549 authentico
1013 475 1308 549 derivatis
1353 478 1747 568 conspicuus.
1830 477 2000 547 Nam
2025 470 2390 549 lectionum
2417 477 2664 545 harum¹

386 591 755 663 variantium
818 589 957 657 fons
1017 591 1080 656 in
1119 591 1311 659 literis
1358 592 1749 681 potissimum
1796 592 2057 659 vertitur
2104 591 2352 667 diverse
2371 614 2376 618 ·
2391 613 2515 681 pro
2549 591 2638 657 di·

387 726 571 773 versa
624 703 864 771 lectura
920 703 1057 789 (vel
1122 704 1321 793 signis
1388 696 1762 790 diacriticis)
1829 682 2355 793 pronunciandis‚
2417 717 2514 771 ·ut
2569 726 2638 770 ex

351 816 677 888 ,editionis
701 810 1541 905 Petropolitanae'margine
1582 819 2171 909 commentariisque
2210 819 2275 895 in
2313 819 2639 883 Romnum

384 930 673 996 omnibus
726 940 994 997 constat.
1112 931 1399 1025 Fertque
1460 931 1711 999 traditio
1768 931 1942 997 haud
2001 934 2276 999 obscura
2315 932 2459 1019 ipso
2503 930 2664 1019 pro-3

387 1044 585 1132 pheta
641 1042 781 1108 vivo
838 1054 905 1111 et
964 1041 1263 1111 audiente
1298 1044 1546 1111 Korani
1584 1047 1779 1111 verba
1818 1046 2011 1113 multa
2069 1045 2315 1119 diverse
2358 1067 2400 1109 a
2442 1042 2640 1109 diver·
2663 1028 2664 1055 ³

388 1159 474 1225 sis
513 1157 683 1224 leem
724 1180 866 1224 esse
908 1155 996 1244 ⁸).
1096 1156 1541 1243 Quadraginta
1597 1160 1747 1223 vero
1803 1150 2130 1231 Islamismi
2187 1158 2366 1224 annis
2423 1154 2664 1271 elapsis}

386 1248 708 1363 paullatim
764 1271 948 1357 signa
1006 1269 1331 1338 diacritica
1381 1266 1689 1357 adspersa
1729 1280 1909 1354 sunt3
1972 1271 2037 1337 in
2082 1272 2331 1349 Kuficis
2374 1244 2664 1360 reii‘qufis}

384 1384 594 1452 multis
638 1382 804 1448 nulla
864 1391 1268 1469 comparent,
1328 1380 1418 1446 in
1450 1381 1583 1449 aliis
1636 1404 1995 1471 perpauca,
2051 1384 2163 1450 ubi
2202 1383 2482 1452 maxime
2523 1383 2646 1449 visa

386 1507 536 1567 sunt
594 1496 946 1563 necessaria
991 1493 1101 1579 ²),
1175 1494 1239 1562 in
1307 1493 1442 1581 aliis
1508 1494 1711 1582 iisque
1776 1497 2230 1564 recentioribus
2301 1496 2492 1586 plura
2561 1494 2664 1563 vel³

387 1609 598 1675 omnia
644 1608 735 1695 ³).
834 1609 1253 1703 Fueruntque
1302 1608 1487 1694 signa
1542 1608 1705 1674 haec
1743 1609 2035 1705 primitus
2066 1609 2266 1676 lineae
2309 1620 2543 1678 tenum
2584 1610 2646 1674 li-

390 1726 541 1794 teris
585 1723 911 1812 appictae‚
961 1733 1036 1790 ut
1069 1736 1130 1803 ὃ,
1187 1718 1262 1804 ὗς
1323 1721 1441 1789 sed
1491 1720 1558 1785 in
1615 1722 1929 1810 scriptura
1965 1721 2240 1804 Neskhi‚
2303 1724 2410 1789 cui
2449 1723 2664 1797 lineae}

389 1838 701 1905 vocalium
741 1836 950 1925 potius
993 1835 1163 1902 vices
1204 1836 1514 1903 sustinent
1555 1832 1656 1924 (ς.
1697 1834 1824 1923 21)
1863 1836 1928 1901 in
1968 1848 2205 1924 puncta
2246 1837 2484 1903 abiere.
2663 1840 2664 1853 ¹

270 2006 340 2054 21
556 1994 770 2061 Simile
813 2003 1025 2062 autem
1066 2004 1479 2081 augmentum
1514 1994 1838 2082 ‚scriptura
1880 1992 2001 2059 alia
2044 2014 2122 2060 ex
2167 1995 2415 2061 ratione
2473 1994 2648 2082 paul·

382 2110 557 2177 latim
601 2110 787 2198 cepit.
883 2109 1040 2176 Fuit
1093 2110 1256 2175 enim
1310 2109 1714 2196 alphabetum
1770 2090 2148 2187 semideum,
2217 2106 2395 2196 eujus
2442 2124 2664 2172 exem-'

383 2225 525 2313 plar
585 2225 825 2289 Arabes
878 2197 1033 2289 satis
1097 2222 1421 2308 integrum
1478 2220 1778 2288 traditum
1832 2229 2251 2310 acceperunt,
2295 2218 2664 2307 antiquissif

385 2359 561 2402 mum
617 2334 954 2424 simplicius
999 2343 1063 2399 et
1101 2333 1290 2422 paulo
1331 2333 1661 2425 incultius,
1711 2355 1839 2399 non
1890 2357 2106 2400 omnes
2150 2354 2338 2419 sonos
2381 2333 2652 2398 exactis-

373 2450 543 2517 -sime
585 2450 936 2536 exprimens
961 2495 979 2526 ‚
1023 2445 1140 2512 s'ed
1179 2447 1268 2514 ita
1306 2458 1381 2514 ut
1421 2447 1676 2533 linguae
1728 2446 1980 2532 gnaris,
2039 2447 2091 2512 si
2132 2447 2379 2533 potiora
2427 2468 2664 2521 vocum

334 2628 342 2637 ,
387 2562 694 2630 elementa
748 2561 986 2647 scripto
1039 2570 1514 2647 repraesentata
1572 2559 1898 2646 legerent²
1954 2559 2254 2626 sufficere
2309 2557 2664 2626 videretur.¹

385 2676 485 2743 Ita
526 2674 775 2740 vocales
818 2671 1161 2761 praecipue
1206 2673 1434 2740 breves
1476 2694 1828 2761 nunquam,
1871 2673 2106 2759 longae
2130 2672 2336 2739 rarius
2370 2674 2664 2761 scriptae

387 2798 585 2855 erant.
690 2788 877 2861 Quae
928 2785 1169 2851 indoles
1215 2785 1529 2874 alphabeti
1573 2788 1938 2877 antiquitate
1980 2799 2048 2855 et
2087 2807 2206 2851 usu
2250 2797 2512 2852 sacrata
2557 2807 2658 2852 se-

384 2902 517 2966 rius
559 2897 816 2986 quidem
857 2919 1108 2987 semper
1140 2899 1369 2966 mansit
1401 2899 1668 2967 intacta:
1712 2899 1828 2966 sed
1873 2899 2163 2965 defectus
2207 2897 2343 2987 ejus
2382 2910 2554 2986 quot
2597 2910 2664 2965 et

389 3013 607 3102 quanti
649 3013 769 3080 sint
808 3022 945 3079 tum
985 3011 1330 3101 praecipue
1375 3014 1610 3102 optime
1652 3014 1884 3082 sentire
1921 3022 2271 3102 coeperunt
2310 3010 2665 3091 Islamitici,

390 3149 539 3193 cum
596 3128 899 3192 Koranus
961 3123 1124 3192 inter
1188 3137 1417 3212 gentes
1485 3127 1858 3215 peregrinas
1920 3125 2268 3193 Islamismo
2332 3123 2665 3213 subjectas

386 3236 699 3325 legendus
771 3247 837 3304 et
888 3236 1398 3326 interpretandus
1458 3246 1694 3319 esset3'
1728 3237 1854 3304 hae
1897 3239 2090 3303 enim
2155 3237 2415 3324 linguae
2454 3232 2665 3324 ipsius

389 3374 579 3419 sensu
636 3351 845 3417 nativo
903 3348 1076 3439 haud
1136 3348 1418 3416 imbutae
1457 3350 1723 3439 usuique
1764 3350 2116 3439 scripturae
2157 3349 2341 3437 hujus
2385 3370 2665 3419 mancae

390 3463 688 3529 continuo
756 3460 928 3528 haud
990 3472 1284 3529 assuetae
1336 3462 1610 3531 immane
1666 3476 1974 3552 quantum
2030 3464 2093 3528 in
2144 3461 2418 3528 lectione
2477 3468 2665 3528 erra-⁴

389 3585 539 3643 runt
579 3574 673 3662 ⁴).
779 3576 998 3651 Quare
1034 3577 1116 3642 ab
1160 3598 1324 3645 anno
1368 3576 1506 3645 fere
1545 3574 1872 3645 Islamismi
1917 3575 2408 3665 quadragesimo
2433 3576 2665 3675 *signis

482 3826 542 3893 1)
591 3829 827 3893 spectant
874 3824 972 3877 hue
1019 3826 1318 3878 traditiones
1367 3829 1570 3896 plures,
1626 3830 1872 3896 imprimis
1907 3844 2041 3895 quae
2076 3828 2341 3879 Romnum
2375 3823 2665 3892 prophetam

604 3924 657 3968 et
672 3916 892 3968 ’Otmani
928 3922 1127 3983 septem
1161 3916 1373 3969 diversis
1406 3920 1570 3971 modis
1605 3921 1869 3987 vulgatum
1904 3936 2016 3972 esse
2042 3924 2244 3982 narrat,
2276 3918 2428 3969 mem.
2466 3932 2521 3984 p.
2540 3921 2665 3970 3341

472 4021 539 4091 2)
596 4027 655 4072 ut
686 4021 737 4072 in
774 4020 1061 4086 fragmento
1090 4020 1359 4089 splendido
1393 4040 1425 4076 a
1452 4025 1658 4094 Koppio
1696 4027 1731 4079 l.
1762 4043 1806 4079 c.
1843 4028 2049 4093 vulgato
2087 4040 2189 4077 non
2223 4024 2320 4077 nisi
2355 4037 2382 4074 a
2407 4019 2440 4071 b
2473 4021 2665 4075 linem

598 4109 843 4162 infernam
878 4116 1138 4162 monstrat.
1230 4166 1251 4185 ο

477 4219 540 4287 3)
589 4225 647 4271 ut
683 4221 732 4271 in
769 4218 1064 4285 fragmentis
1099 4219 1290 4274 Adleri.

480 4326 543 4393 4)
580 4342 628 4380 v.
662 4327 980 4381 narrationes
1018 4329 1071 4383 in
1103 4331 1255 4383 mem.
1294 4332 1326 4382 Ι.
1366 4347 1412 4383 c.
1450 4349 1499 4399 p.
1533 4333 1656 4382 324.
1692 4335 1799 4382 338
1831 4333 1968 4385 alibi.
