2675 4692
351 310 382 374 1
402 310 444 374 2
1120 344 1125 349 -
1201 290 1740 386 Prolegomena.

346 474 453 542 hic
493 474 684 562 vulgo
726 483 949 542 auctor
983 475 1168 566 hujus
1210 477 1563 566 scripturae
1603 473 1911 542 Arabibus
1955 472 2323 543 celebretur.
2410 476 2623 544 Orta-

346 610 473 675 que
513 588 605 655 sic
652 598 799 655 suut
839 586 968 655 duo
1010 590 1331 679 potissima
1366 588 1720 676 scripturae
1761 588 2056 654 arabicae
2096 608 2355 676 genera.
2438 588 2626 659 Alte-

342 789 522 846 rum,
614 788 652 831 a
716 763 873 832 sede
948 787 1066 833 sua
1130 763 1481 853 praecipua
1541 758 1837 850 cuficum
1882 705 2069 865 {333⁶
2090 761 2372 844 dictum,
2448 767 2627 833 anti-

344 898 687 985 quissimae
729 897 1023 977 similius,
1078 894 1269 963 literis
1316 905 1610 961 constans
1639 893 1877 985 junctis
1920 893 2210 983 quidem,
2271 894 2390 963 sed
2433 919 2626 963 cras-

341 1012 611 1079 sioribus
655 1021 724 1079 et
762 1009 1142 1101 majoribus;
1183 1007 1356 1098 quod
1400 1008 1602 1075 serius
1646 1010 1730 1074 ob
1764 1006 2181 1074 venerabilem
2223 1031 2405 1074 suam
2448 1007 2628 1077 anti·

341 1125 647 1215 quitatem
704 1124 768 1188 in
824 1124 1072 1207 Korani
1123 1123 1518 1213 potissimum
1571 1119 2027 1209 exemplaribus
2081 1133 2149 1188 et
2187 1123 2630 1189 monumentis

340 1236 604 1328 publicis
648 1235 893 1303 fidelius
937 1246 1289 1316 servatum,
1353 1235 1674 1324 paullatim
1711 1247 1925 1303 tamen
1988 1234 2054 1301 in
2105 1234 2371 1302 Oriente
2424 1257 2628 1323 pror-

341 1372 448 1417 sus
506 1348 869 1437 neglectum
931 1360 1030 1417 est
1080 1360 1147 1417 et
1191 1349 1607 1416 obliteratum.
1710 1347 2071 1436 Specimina
2111 1346 2245 1437 ejus
2288 1347 2478 1414 nobis
2526 1360 2632 1416 sat

338 1464 534 1531 multa
580 1464 645 1529 in
684 1462 959 1530 Koranis
979 1513 1000 1544 ‚
1042 1461 1279 1544 numis‚
1336 1461 1754 1528 monumentis
1795 1471 2043 1529 servata
2082 1470 2230 1528 suut
2259 1459 2361 1548 ιι);
2422 1482 2630 1529 usus-

341 1598 468 1665 que
523 1576 779 1643 invaluit
832 1575 1113 1664 quamvis
1171 1574 1498 1663 antiquam
1536 1572 1987 1640 Moslemorum
2028 1573 2411 1663 scripturam
2450 1578 2630 1643 cufi-

341 1712 487 1756 cam
556 1688 918 1756 nominandi
987 1700 1062 1757 ut
1115 1710 1423 1778 perquam
1487 1684 1764 1774 vulgaris
1816 1685 1906 1754 ita
1958 1696 2173 1754 tamen
2225 1685 2402 1753 haud
2455 1690 2630 1756 satis

338 1801 725 1892 probandus.
829 1802 936 1869 Ex
997 1799 1124 1868 hoc
1180 1802 1389 1867 cufico
1431 1821 1677 1889 genere
1723 1810 1872 1867 nata
1912 1810 2011 1867 est
2047 1799 2326 1866 Arabum
2363 1800 2630 1891 Hispa·

340 1938 568 1984 norum
636 1926 703 1983 et
763 1915 1207 1984 Africanorum
1267 1914 1573 1981 seriorum
1651 1912 1840 1980 etiam
1914 1910 2266 2000 scripturae
2336 1915 2631 2002 specioe,

340 2052 508 2118 quae
567 2028 718 2096 satis
776 2038 1024 2095 mature
1081 2029 1161 2095 ab
1206 2027 1473 2095 Oriente
1513 2023 1727 2092 avulsa
1768 2023 2069 2114 deinceps
2111 2025 2379 2092 sormam
2429 2050 2634 2095 suam

340 2143 661 2233 antiquam
714 2141 961 2209 fidelius
1019 2140 1286 2210 servavit
1342 2140 1528 2209 variis
1583 2149 1797 2206 tamen
1829 2136 1964 2228 jam
2005 2136 2352 2205 rationibus
2398 2152 2630 2208 muta-

336 2267 470 2324 tam
513 2266 579 2324 et
615 2255 970 2324 innovatam
1015 2254 1110 2342 ²).
1193 2252 1475 2320 Alterum
1517 2276 1726 2341 genus
1768 2252 1835 2318 in
1875 2252 2148 2320 Oriente
2191 2261 2257 2319 et
2299 2253 2629 2343 Aegypto

340 2369 658 2437 excultum
715 2390 991 2458 seroque
1051 2363 1135 2433 ad
1188 2366 1432 2434 Korani
1496 2364 1874 2455 exemplaria
1928 2363 2324 2445 traductum,
2396 2364 2632 2434 litera-

347 2500 491 2548 rum
547 2479 775 2550 duetus
828 2483 1099 2572 pingens
1158 2488 1292 2546 tum
1344 2479 1657 2567 gratiores
1697 2491 1834 2546 tum
1876 2479 2329 2546 contractiores
2383 2489 2456 2545 et
2502 2480 2634 2548 mi-

1091 2590 1123 2633 5'·
1205 2599 1349 2631 ooo-o

348 2660 663 2742 nuum-es,
729 2655 1027 2729 Nes-khi
1075 2642 1318 2759 g‘fw’fl
1361 2657 1403 2723 i.
1437 2678 1494 2723 e.
1534 2655 1799 2723 librariis
1835 2655 2268 2744 exemplaria
2301 2653 2638 2729 librorum

349 2792 851 2861 describentibus
906 2787 1205 2855 idoneum
1268 2787 1656 2855 nominatum
1675 2838 1695 2868 ‚
1755 2789 1840 2853 ab
1896 2810 1974 2853 eo
2018 2787 2411 2875 potissimum
2453 2798 2640 2856 tem-

348 2927 511 2996 pore
570 2904 858 2985 invaluit‚
913 2924 1041 2990 quo
1087 2901 1329 2969 Arabes
1386 2901 1711 2990 ingentem
1764 2899 2063 2967 librorum
2107 2900 2309 2968 omnis
2349 2904 2642 2988 generis

352 3017 600 3106 copiam
643 3016 864 3104 legere
905 3026 971 3082 et
1011 3012 1377 3081 describere
1418 3024 1782 3103 coeperunt.
1839 3038 1852 3051 ·
1869 3012 1949 3078 Id
1997 3022 2145 3103 post
2182 3013 2648 3083 Ibnffloklam

348 3131 650 3220 imprimis
716 3151 754 3194 a
813 3128 1035 3196 scribis
1092 3126 1469 3217 quibusdam
1528 3124 2010 3207 celebrioribus,
2075 3138 2151 3201 nt
2192 3126 2646 3195 Abu'lhasano

350 3244 446 3311 Ali
487 3241 866 3310 ben-Helal
919 3236 1521 3309 ben-Albawwab
1565 3237 1685 3327 (m.
1725 3260 1783 3316 a.
1814 3238 1945 3305 412
1986 3264 2040 3306 v.
2075 3236 2243 3325 413)
2287 3250 2354 3306 et
2391 3239 2650 3308 Emin-

353 3353 586 3424 eddino
641 3353 853 3419 Jacut
912 3353 1185 3420 Mauzeli
1254 3351 1374 3441 (m.
1423 3374 1479 3419 a.
1522 3350 1690 3439 618)
1746 3352 2071 3421 volubilius
2130 3362 2197 3419 et
2254 3350 2650 3439 elegantius

353 3469 594 3535 factum
645 3465 707 3531 in
765 3463 1044 3552 plurimis
1102 3465 1490 3553 conspicitur
1547 3464 1875 3531 codicibus
1930 3486 2010 3533 ex
2060 3464 2173 3532 illis
2241 3464 2654 3553 regionibus

352 3580 438 3647 ad
502 3602 618 3645 nos
681 3576 1123 3665 transportatis
1188 3580 1543 3668 mansitque
1613 3576 1700 3645 ad
1775 3577 1947 3645 hunc
2028 3600 2233 3668 usque
2313 3578 2497 3647 diem
2582 3583 2658 3651 in

440 3836 500 3902 1)
550 3851 597 3886 v.
644 3832 869 3885 Clnardin
911 3846 1113 3897 voyage
1159 3846 1223 3882 en
1278 3831 1441 3883 Perse
1487 3831 1570 3883 Pl.
1597 3836 1684 3885 71.
1732 3837 1818 3885 72.
1906 3831 2135 3886 Niebuhr
2183 3830 2491 3886 Besclnreib.
2541 3852 2664 3890 von

564 3924 720 3978 Δηὼ.
773 3930 812 3975 t.
856 3925 1042 3979 4-11.
1133 3920 1293 3973 Adler
1339 3921 1503 3973 dest-r.
1556 3922 1671 3975 cod.
1722 3924 1822 3976 cus.
1879 3923 1945 3976 de
1995 3925 2165 3988 Sacy,
2202 3939 2280 3989 gr.
2334 3938 2408 3974 ar.
2449 3923 2550 3977 Pl.
2601 3933 2664 3979 3.

566 4014 755 4082 Koppe
790 4014 821 4064 Ι.
839 4030 884 4064 c.
918 4029 970 4087 p.
994 4016 1118 4063 288.
1182 4004 1420 4065 Reinaud
1459 4029 1594 4064 mon.
1630 4015 1862 4066 musulm.
1899 4013 1964 4065 T.
1985 4017 2036 4065 2.
2075 4021 2128 4065 et
2146 4014 2368 4065 dissertt.
2406 4015 2664 4070 aliorum

565 4102 631 4155 de
681 4103 858 4154 aunxis.
947 4102 996 4155 Ε
1045 4104 1229 4170 quibus
1283 4104 1586 4170 scripturam
1635 4106 1848 4159 curucam
1883 4104 2145 4157 literarum
2179 4100 2558 4167 magnitudine
2604 4114 2672 4159 et

565 4202 747 4245 ornatu
781 4195 1002 4248 maxime
1034 4197 1223 4247 variam
1260 4210 1376 4246 esse
1420 4194 1694 4259 colligitur.

437 4336 500 4402 2)
537 4351 585 4388 ν.
623 4338 759 4403 sacy
796 4354 873 4403 gr.
906 4354 981 4390 ar.
1020 4338 1100 4390 Pl.
1131 4342 1183 4390 2.
1221 4341 1273 4389 4.
