<?xml version="1.0" encoding="UTF-8"?>
<!DOCTYPE html PUBLIC "-//W3C//DTD XHTML 1.0 Transitional//EN"
    "http://www.w3.org/TR/xhtml1/DTD/xhtml1-transitional.dtd">
<html xmlns="http://www.w3.org/1999/xhtml" xml:lang="en" lang="en">
 <head>
  <title>
</title>
<meta http-equiv="Content-Type" content="text/html;charset=utf-8" />
  <meta name='ocr-system' content='tesseract 3.04.00' />
  <meta name='ocr-capabilities' content='ocr_page ocr_carea ocr_par ocr_line ocrx_word'/>
</head>
<body>
  <div class='ocr_page' id='page_1' title='image "./geohenriciaugew00ewalgoog_0752.png"; bbox 0 0 2675 4692; ppageno 0'>
   <div class='ocr_carea' id='block_1_1' title="bbox 380 171 2072 256">
    <p class='ocr_par' dir='ltr' id='par_1_1' title="bbox 380 171 2072 256">
     <span class='ocr_line' id='line_1_1' title="bbox 380 171 2072 256; baseline -0.003 -9"><span class='ocrx_word' id='word_1_1' title='bbox 380 184 532 256; x_wconf 79' lang='lat'><strong>324</strong></span> <span class='ocrx_word' id='word_1_2' title='bbox 719 182 727 187; x_wconf 83' lang='grc'><strong>“</strong></span> <span class='ocrx_word' id='word_1_3' title='bbox 967 171 1216 244; x_wconf 84' lang='lat' dir='ltr'><strong>Brevis</strong></span> <span class='ocrx_word' id='word_1_4' title='bbox 1266 179 1670 241; x_wconf 78' lang='lat' dir='ltr'><strong>metrorum</strong></span> <span class='ocrx_word' id='word_1_5' title='bbox 1722 171 2072 242; x_wconf 82' lang='lat' dir='ltr'><strong>doctrina.</strong></span> 
     </span>
    </p>
   </div>
   <div class='ocr_carea' id='block_1_2' title="bbox 237 353 2675 1716">
    <p class='ocr_par' dir='ltr' id='par_1_2' title="bbox 374 353 2675 1418">
     <span class='ocr_line' id='line_1_2' title="bbox 381 353 2674 431; baseline -0.004 -14"><span class='ocrx_word' id='word_1_6' title='bbox 381 360 611 431; x_wconf 77' lang='lat' dir='ltr'><strong>dijambo</strong></span> <span class='ocrx_word' id='word_1_7' title='bbox 660 357 870 428; x_wconf 66' lang='lat' dir='ltr'><strong>gravius</strong></span> <span class='ocrx_word' id='word_1_8' title='bbox 914 371 979 410; x_wconf 86' lang='lat' dir='ltr'><strong>ac</strong></span> <span class='ocrx_word' id='word_1_9' title='bbox 1029 354 1256 410; x_wconf 86' lang='lat' dir='ltr'><strong>sedatius</strong></span> <span class='ocrx_word' id='word_1_10' title='bbox 1301 355 1512 410; x_wconf 77' lang='lat' dir='ltr'><strong>incedit.</strong></span> <span class='ocrx_word' id='word_1_11' title='bbox 1607 354 2043 428; x_wconf 70' lang='lat' dir='ltr'><strong>Amphibrocbys</strong></span> <span class='ocrx_word' id='word_1_12' title='bbox 2086 371 2213 410; x_wconf 79' lang='lat' dir='ltr'><strong>vero</strong></span> <span class='ocrx_word' id='word_1_13' title='bbox 2263 353 2555 425; x_wconf 57' lang='lat' dir='ltr'><strong>dih-bus</strong></span> <span class='ocrx_word' id='word_1_14' title='bbox 2586 368 2674 409; x_wconf 76' lang='lat' dir='ltr'><strong>-s</strong></span> 
     </span>
     <span class='ocr_line' id='line_1_3' title="bbox 381 454 2673 523; baseline -0.004 -6"><span class='ocrx_word' id='word_1_15' title='bbox 381 462 613 517; x_wconf 86' lang='lat' dir='ltr'><strong>membro</strong></span> <span class='ocrx_word' id='word_1_16' title='bbox 664 459 942 512; x_wconf 89' lang='lat' dir='ltr'><strong>diminutus</strong></span> <span class='ocrx_word' id='word_1_17' title='bbox 990 471 1052 509; x_wconf 87' lang='lat' dir='ltr'><strong>ac</strong></span> <span class='ocrx_word' id='word_1_18' title='bbox 1100 456 1248 523; x_wconf 86' lang='lat' dir='ltr'><strong>quasi</strong></span> <span class='ocrx_word' id='word_1_19' title='bbox 1302 461 1535 509; x_wconf 87' lang='lat' dir='ltr'><strong>resectus</strong></span> <span class='ocrx_word' id='word_1_20' title='bbox 1583 471 1701 510; x_wconf 86' lang='lat' dir='ltr'><strong>esse</strong></span> <span class='ocrx_word' id='word_1_21' title='bbox 1746 456 1962 510; x_wconf 83' lang='lat' dir='ltr'><strong>videtur.</strong></span> <span class='ocrx_word' id='word_1_22' title='bbox 2060 456 2285 507; x_wconf 80' lang='lat' dir='ltr'><strong>Ionicus</strong></span> <span class='ocrx_word' id='word_1_23' title='bbox 2338 454 2415 522; x_wconf 80' lang='lat' dir='ltr'><strong>(a</strong></span> <span class='ocrx_word' id='word_1_24' title='bbox 2468 456 2673 521; x_wconf 65' lang='lat' dir='ltr'><strong>uberi)</strong></span> 
     </span>
     <span class='ocr_line' id='line_1_4' title="bbox 382 554 2675 628; baseline -0.003 -15"><span class='ocrx_word' id='word_1_25' title='bbox 382 560 594 628; x_wconf 75' lang='lat' dir='ltr'><strong>diiambi</strong></span> <span class='ocrx_word' id='word_1_26' title='bbox 629 558 852 624; x_wconf 84' lang='lat' dir='ltr'><strong>syllabas</strong></span> <span class='ocrx_word' id='word_1_27' title='bbox 900 556 1082 609; x_wconf 84' lang='lat' dir='ltr'><strong>breves</strong></span> <span class='ocrx_word' id='word_1_28' title='bbox 1129 554 1197 607; x_wconf 88' lang='lat' dir='ltr'><strong>ab</strong></span> <span class='ocrx_word' id='word_1_29' title='bbox 1229 554 1396 620; x_wconf 84' lang='lat' dir='ltr'><strong>initio,</strong></span> <span class='ocrx_word' id='word_1_30' title='bbox 1432 555 1615 623; x_wconf 79' lang='lat' dir='ltr'><strong>longas</strong></span> <span class='ocrx_word' id='word_1_31' title='bbox 1647 573 1681 608; x_wconf 94' lang='lat' dir='ltr'><strong>a</strong></span> <span class='ocrx_word' id='word_1_32' title='bbox 1714 556 1816 610; x_wconf 81' lang='lat' dir='ltr'><strong>fine</strong></span> <span class='ocrx_word' id='word_1_33' title='bbox 1851 556 2119 609; x_wconf 87' lang='lat' dir='ltr'><strong>cumulans</strong></span> <span class='ocrx_word' id='word_1_34' title='bbox 2152 554 2385 622; x_wconf 78' lang='lat' dir='ltr'><strong>dijambi</strong></span> <span class='ocrx_word' id='word_1_35' title='bbox 2428 555 2675 608; x_wconf 70' lang='lat' dir='ltr'><strong>dntiar&#39;n</strong></span> 
     </span>
     <span class='ocr_line' id='line_1_5' title="bbox 382 653 2675 726; baseline -0.003 -13"><span class='ocrx_word' id='word_1_36' title='bbox 382 667 438 713; x_wconf 85' lang='lat' dir='ltr'><strong>et</strong></span> <span class='ocrx_word' id='word_1_37' title='bbox 489 660 693 713; x_wconf 81' lang='lat' dir='ltr'><strong>levioris</strong></span> <span class='ocrx_word' id='word_1_38' title='bbox 738 657 964 726; x_wconf 85' lang='lat' dir='ltr'><strong>speciem</strong></span> <span class='ocrx_word' id='word_1_39' title='bbox 999 653 1177 707; x_wconf 79' lang='lat' dir='ltr'>refert.</span> <span class='ocrx_word' id='word_1_40' title='bbox 1266 653 1622 723; x_wconf 60' lang='lat' dir='ltr'><strong>„anapaestus</strong></span> <span class='ocrx_word' id='word_1_41' title='bbox 1657 654 1879 723; x_wconf 89' lang='lat' dir='ltr'><strong>denique</strong></span> <span class='ocrx_word' id='word_1_42' title='bbox 1913 657 2049 708; x_wconf 89' lang='lat' dir='ltr'><strong>arsin</strong></span> <span class='ocrx_word' id='word_1_43' title='bbox 2087 654 2279 707; x_wconf 87' lang='lat' dir='ltr'><strong>eodem</strong></span> <span class='ocrx_word' id='word_1_44' title='bbox 2316 669 2441 720; x_wconf 81' lang='lat' dir='ltr'><strong>quo</strong></span> <span class='ocrx_word' id='word_1_45' title='bbox 2474 653 2675 721; x_wconf 62' lang='lat' dir='ltr'><strong>janna·</strong></span> 
     </span>
     <span class='ocr_line' id='line_1_6' title="bbox 382 751 2675 822; baseline -0.004 -8"><span class='ocrx_word' id='word_1_46' title='bbox 382 759 537 813; x_wconf 88' lang='lat' dir='ltr'><strong>modo</strong></span> <span class='ocrx_word' id='word_1_47' title='bbox 570 759 624 811; x_wconf 89' lang='lat' dir='ltr'><strong>in</strong></span> <span class='ocrx_word' id='word_1_48' title='bbox 657 759 810 809; x_wconf 84' lang='lat' dir='ltr'><strong>finem</strong></span> <span class='ocrx_word' id='word_1_49' title='bbox 846 751 1029 819; x_wconf 84' lang='lat' dir='ltr'><strong>trahit,</strong></span> <span class='ocrx_word' id='word_1_50' title='bbox 1079 753 1173 807; x_wconf 87' lang='lat' dir='ltr'><strong>sed</strong></span> <span class='ocrx_word' id='word_1_51' title='bbox 1222 758 1329 807; x_wconf 89' lang='lat' dir='ltr'><strong>tam</strong></span> <span class='ocrx_word' id='word_1_52' title='bbox 1376 753 1521 806; x_wconf 87' lang='lat' dir='ltr'><strong>citati</strong></span> <span class='ocrx_word' id='word_1_53' title='bbox 1566 769 1777 822; x_wconf 81' lang='lat' dir='ltr'><strong>gressus</strong></span> <span class='ocrx_word' id='word_1_54' title='bbox 1831 761 1914 807; x_wconf 90' lang='lat' dir='ltr'><strong>est</strong></span> <span class='ocrx_word' id='word_1_55' title='bbox 1958 761 2167 822; x_wconf 90' lang='lat' dir='ltr'><strong>tamque</strong></span> <span class='ocrx_word' id='word_1_56' title='bbox 2216 769 2423 822; x_wconf 78' lang='lat' dir='ltr'><strong>parum</strong></span> <span class='ocrx_word' id='word_1_57' title='bbox 2475 768 2675 820; x_wconf 64' lang='lat' dir='ltr'><strong>semp«</strong></span> 
     </span>
     <span class='ocr_line' id='line_1_7' title="bbox 380 852 2675 928; baseline -0.004 -16"><span class='ocrx_word' id='word_1_58' title='bbox 380 859 630 928; x_wconf 84' lang='lat' dir='ltr'><strong>repetitus</strong></span> <span class='ocrx_word' id='word_1_59' title='bbox 677 869 896 925; x_wconf 81' lang='lat' dir='ltr'><strong>poeseos</strong></span> <span class='ocrx_word' id='word_1_60' title='bbox 944 852 1181 906; x_wconf 87' lang='lat' dir='ltr'><strong>arabicae</strong></span> <span class='ocrx_word' id='word_1_61' title='bbox 1232 853 1494 906; x_wconf 83' lang='lat' dir='ltr'><strong>severitati</strong></span> <span class='ocrx_word' id='word_1_62' title='bbox 1544 853 1755 907; x_wconf 87' lang='lat' dir='ltr'><strong>sedatae</strong></span> <span class='ocrx_word' id='word_1_63' title='bbox 1792 855 2066 921; x_wconf 79' lang='lat' dir='ltr'><strong>congruit,</strong></span> <span class='ocrx_word' id='word_1_64' title='bbox 2121 860 2180 905; x_wconf 89' lang='lat' dir='ltr'><strong>ut</strong></span> <span class='ocrx_word' id='word_1_65' title='bbox 2217 869 2251 905; x_wconf 88' lang='lat' dir='ltr'><strong>e</strong></span> <span class='ocrx_word' id='word_1_66' title='bbox 2288 854 2431 919; x_wconf 79' lang='lat' dir='ltr'><strong>lege</strong></span> <span class='ocrx_word' id='word_1_67' title='bbox 2466 867 2675 920; x_wconf 73' lang='lat' dir='ltr'><strong>compe-</strong></span> 
     </span>
     <span class='ocr_line' id='line_1_8' title="bbox 380 949 2671 1016; baseline -0.004 -4"><span class='ocrx_word' id='word_1_68' title='bbox 380 958 562 1012; x_wconf 85' lang='lat' dir='ltr'><strong>nendis</strong></span> <span class='ocrx_word' id='word_1_69' title='bbox 599 962 801 1009; x_wconf 87' lang='lat' dir='ltr'><strong>tantum</strong></span> <span class='ocrx_word' id='word_1_70' title='bbox 838 960 893 1007; x_wconf 91' lang='lat' dir='ltr'><strong>et</strong></span> <span class='ocrx_word' id='word_1_71' title='bbox 927 951 1182 1004; x_wconf 83' lang='lat' dir='ltr'><strong>variandis</strong></span> <span class='ocrx_word' id='word_1_72' title='bbox 1217 952 1398 1005; x_wconf 89' lang='lat' dir='ltr'><strong>metris</strong></span> <span class='ocrx_word' id='word_1_73' title='bbox 1431 953 1690 1005; x_wconf 78' lang='lat' dir='ltr'><strong>inserviat.</strong></span> <span class='ocrx_word' id='word_1_74' title='bbox 1781 952 1881 1005; x_wconf 86' lang='lat' dir='ltr'><strong>His</strong></span> <span class='ocrx_word' id='word_1_75' title='bbox 1916 953 2119 1005; x_wconf 88' lang='lat' dir='ltr'><strong>accedit</strong></span> <span class='ocrx_word' id='word_1_76' title='bbox 2153 949 2563 1016; x_wconf 71' lang='lat' dir='ltr'><strong>choriambus,</strong></span> <span class='ocrx_word' id='word_1_77' title='bbox 2604 950 2671 1002; x_wconf 68' lang='grc' dir='ltr'><strong>ῶ-</strong></span> 
     </span>
     <span class='ocr_line' id='line_1_9' title="bbox 374 1051 2669 1126; baseline -0.003 -16"><span class='ocrx_word' id='word_1_78' title='bbox 374 1058 554 1126; x_wconf 81' lang='lat' dir='ltr'><strong>jambo</strong></span> <span class='ocrx_word' id='word_1_79' title='bbox 593 1055 799 1124; x_wconf 89' lang='lat' dir='ltr'><strong>quidem</strong></span> <span class='ocrx_word' id='word_1_80' title='bbox 836 1052 1150 1117; x_wconf 86' lang='lat' dir='ltr'><strong>simillimus,</strong></span> <span class='ocrx_word' id='word_1_81' title='bbox 1199 1057 1370 1104; x_wconf 88' lang='lat' dir='ltr'><strong>tamen</strong></span> <span class='ocrx_word' id='word_1_82' title='bbox 1406 1052 1473 1103; x_wconf 92' lang='lat' dir='ltr'><strong>ob</strong></span> <span class='ocrx_word' id='word_1_83' title='bbox 1510 1051 1942 1105; x_wconf 84' lang='lat' dir='ltr'><strong>vehementiorem</strong></span> <span class='ocrx_word' id='word_1_84' title='bbox 1976 1067 2215 1119; x_wconf 78' lang='lat' dir='ltr'>gressum</span> <span class='ocrx_word' id='word_1_85' title='bbox 2248 1067 2541 1118; x_wconf 80' lang='lat' dir='ltr'><strong>nunquam</strong></span> <span class='ocrx_word' id='word_1_86' title='bbox 2575 1066 2669 1102; x_wconf 73' lang='lat' dir='ltr'><strong>ne-</strong></span> 
     </span>
     <span class='ocr_line' id='line_1_10' title="bbox 378 1149 2668 1223; baseline -0.004 -13"><span class='ocrx_word' id='word_1_87' title='bbox 378 1163 515 1210; x_wconf 86' lang='lat' dir='ltr'><strong>trum</strong></span> <span class='ocrx_word' id='word_1_88' title='bbox 567 1155 825 1223; x_wconf 75' lang='lat' dir='ltr'><strong>peculiare</strong></span> <span class='ocrx_word' id='word_1_89' title='bbox 858 1151 1113 1216; x_wconf 85' lang='lat' dir='ltr'><strong>formans,</strong></span> <span class='ocrx_word' id='word_1_90' title='bbox 1162 1151 1257 1204; x_wconf 84' lang='lat' dir='ltr'><strong>sed</strong></span> <span class='ocrx_word' id='word_1_91' title='bbox 1289 1152 1363 1205; x_wconf 85' lang='lat' dir='ltr'><strong>ita</strong></span> <span class='ocrx_word' id='word_1_92' title='bbox 1399 1156 1595 1204; x_wconf 88' lang='lat' dir='ltr'><strong>tantum</strong></span> <span class='ocrx_word' id='word_1_93' title='bbox 1631 1149 1916 1217; x_wconf 88' lang='lat' dir='ltr'><strong>adhibitus,</strong></span> <span class='ocrx_word' id='word_1_94' title='bbox 1966 1157 2027 1203; x_wconf 93' lang='lat' dir='ltr'><strong>ut</strong></span> <span class='ocrx_word' id='word_1_95' title='bbox 2062 1167 2094 1203; x_wconf 92' lang='lat' dir='ltr'><strong>a</strong></span> <span class='ocrx_word' id='word_1_96' title='bbox 2129 1156 2430 1219; x_wconf 82' lang='lat' dir='ltr'><strong>poetarum</strong></span> <span class='ocrx_word' id='word_1_97' title='bbox 2466 1149 2668 1201; x_wconf 74' lang='lat' dir='ltr'><strong>arbitri·</strong></span> 
     </span>
     <span class='ocr_line' id='line_1_11' title="bbox 379 1246 2663 1319; baseline -0.004 -13"><span class='ocrx_word' id='word_1_98' title='bbox 379 1253 462 1308; x_wconf 87' lang='lat' dir='ltr'><strong>hic</strong></span> <span class='ocrx_word' id='word_1_99' title='bbox 497 1255 602 1307; x_wconf 90' lang='lat' dir='ltr'><strong>illic</strong></span> <span class='ocrx_word' id='word_1_100' title='bbox 638 1251 863 1319; x_wconf 77' lang='lat' dir='ltr'><strong>diJambo</strong></span> <span class='ocrx_word' id='word_1_101' title='bbox 899 1250 1253 1303; x_wconf 71' lang='lat' dir='ltr'><strong>substituatur.</strong></span> <span class='ocrx_word' id='word_1_102' title='bbox 1338 1249 1517 1303; x_wconf 85' lang='lat' dir='ltr'><strong>Ceteri</strong></span> <span class='ocrx_word' id='word_1_103' title='bbox 1564 1264 1691 1302; x_wconf 82' lang='lat' dir='ltr'><strong>vero</strong></span> <span class='ocrx_word' id='word_1_104' title='bbox 1739 1249 1903 1318; x_wconf 91' lang='lat' dir='ltr'><strong>pedes</strong></span> <span class='ocrx_word' id='word_1_105' title='bbox 1950 1255 2002 1302; x_wconf 94' lang='lat' dir='ltr'><strong>et</strong></span> <span class='ocrx_word' id='word_1_106' title='bbox 2051 1246 2311 1315; x_wconf 78' lang='lat' dir='ltr'><strong>rhythmi,</strong></span> <span class='ocrx_word' id='word_1_107' title='bbox 2381 1249 2543 1300; x_wconf 77' lang='lat' dir='ltr'><strong>velut</strong></span> <span class='ocrx_word' id='word_1_108' title='bbox 2574 1254 2663 1298; x_wconf 72' lang='lat' dir='ltr'><strong>tru-</strong></span> 
     </span>
     <span class='ocr_line' id='line_1_12' title="bbox 379 1347 2125 1418; baseline -0.003 -11"><span class='ocrx_word' id='word_1_109' title='bbox 379 1353 569 1407; x_wconf 81' lang='lat' dir='ltr'><strong>chaeus</strong></span> <span class='ocrx_word' id='word_1_110' title='bbox 605 1357 660 1404; x_wconf 85' lang='lat' dir='ltr'><strong>et</strong></span> <span class='ocrx_word' id='word_1_111' title='bbox 693 1350 960 1416; x_wconf 82' lang='lat' dir='ltr'><strong>dactylus,</strong></span> <span class='ocrx_word' id='word_1_112' title='bbox 1011 1347 1078 1398; x_wconf 91' lang='lat' dir='ltr'><strong>ab</strong></span> <span class='ocrx_word' id='word_1_113' title='bbox 1114 1347 1320 1400; x_wconf 67' lang='lat' dir='ltr'><strong>arabica</strong></span> <span class='ocrx_word' id='word_1_114' title='bbox 1356 1348 1500 1416; x_wconf 88' lang='lat' dir='ltr'><strong>poesi</strong></span> <span class='ocrx_word' id='word_1_115' title='bbox 1535 1365 1743 1418; x_wconf 78' lang='lat' dir='ltr'>semper</span> <span class='ocrx_word' id='word_1_116' title='bbox 1776 1350 1921 1402; x_wconf 84' lang='lat' dir='ltr'><strong>suere</strong></span> <span class='ocrx_word' id='word_1_117' title='bbox 1955 1348 2125 1402; x_wconf 87' lang='lat' dir='ltr'><strong>alieni.</strong></span> 
     </span>
    </p>

    <p class='ocr_par' dir='ltr' id='par_1_3' title="bbox 237 1441 2663 1716">
     <span class='ocr_line' id='line_1_13' title="bbox 237 1441 2663 1516; baseline -0.002 -12"><span class='ocrx_word' id='word_1_118' title='bbox 237 1441 347 1490; x_wconf 70' lang='lat'><strong>⁷⁸⁰</strong></span> <span class='ocrx_word' id='word_1_119' title='bbox 520 1451 581 1504; x_wconf 89' lang='lat' dir='ltr'><strong>In</strong></span> <span class='ocrx_word' id='word_1_120' title='bbox 628 1449 707 1502; x_wconf 89' lang='lat' dir='ltr'><strong>his</strong></span> <span class='ocrx_word' id='word_1_121' title='bbox 742 1455 802 1501; x_wconf 89' lang='lat' dir='ltr'><strong>ut</strong></span> <span class='ocrx_word' id='word_1_122' title='bbox 849 1446 1158 1514; x_wconf 71' lang='lat' dir='ltr'><strong>syllabarum</strong></span> <span class='ocrx_word' id='word_1_123' title='bbox 1194 1448 1490 1516; x_wconf 76' lang='lat' dir='ltr'><strong>ancipitum</strong></span> <span class='ocrx_word' id='word_1_124' title='bbox 1525 1463 1660 1515; x_wconf 87' lang='lat' dir='ltr'><strong>quae</strong></span> <span class='ocrx_word' id='word_1_125' title='bbox 1696 1449 1764 1501; x_wconf 91' lang='lat' dir='ltr'><strong>sit</strong></span> <span class='ocrx_word' id='word_1_126' title='bbox 1800 1449 1964 1514; x_wconf 82' lang='lat' dir='ltr'><strong>ratio,</strong></span> <span class='ocrx_word' id='word_1_127' title='bbox 1994 1448 2128 1500; x_wconf 89' lang='lat' dir='ltr'><strong>bene</strong></span> <span class='ocrx_word' id='word_1_128' title='bbox 2152 1452 2574 1514; x_wconf 60' lang='lat' dir='ltr'><strong>cognoscum,</strong></span> <span class='ocrx_word' id='word_1_129' title='bbox 2616 1452 2663 1498; x_wconf 79' lang='lat' dir='ltr'><strong>nt</strong></span> 
     </span>
     <span class='ocr_line' id='line_1_14' title="bbox 379 1544 2659 1616; baseline -0.003 -13"><span class='ocrx_word' id='word_1_130' title='bbox 379 1554 513 1607; x_wconf 85' lang='lat' dir='ltr'><strong>ictus</strong></span> <span class='ocrx_word' id='word_1_131' title='bbox 550 1555 634 1615; x_wconf 89' lang='lat' dir='ltr'><strong>et,</strong></span> <span class='ocrx_word' id='word_1_132' title='bbox 683 1563 817 1616; x_wconf 87' lang='lat' dir='ltr'><strong>quae</strong></span> <span class='ocrx_word' id='word_1_133' title='bbox 866 1547 984 1600; x_wconf 88' lang='lat' dir='ltr'><strong>inde</strong></span> <span class='ocrx_word' id='word_1_134' title='bbox 1036 1547 1361 1616; x_wconf 85' lang='lat' dir='ltr'><strong>dependent,</strong></span> <span class='ocrx_word' id='word_1_135' title='bbox 1414 1563 1592 1600; x_wconf 84' lang='lat' dir='ltr'><strong>arseos</strong></span> <span class='ocrx_word' id='word_1_136' title='bbox 1629 1564 1690 1600; x_wconf 85' lang='lat' dir='ltr'><strong>ac</strong></span> <span class='ocrx_word' id='word_1_137' title='bbox 1724 1544 1930 1600; x_wconf 81' lang='lat' dir='ltr'><strong>theseos</strong></span> <span class='ocrx_word' id='word_1_138' title='bbox 1966 1549 2218 1600; x_wconf 90' lang='lat' dir='ltr'><strong>rationem</strong></span> <span class='ocrx_word' id='word_1_139' title='bbox 2260 1547 2569 1614; x_wconf 79' lang='lat' dir='ltr'><strong>diligenter</strong></span> <span class='ocrx_word' id='word_1_140' title='bbox 2594 1556 2659 1597; x_wconf 77' lang='lat' dir='ltr'><strong>te—</strong></span> 
     </span>
     <span class='ocr_line' id='line_1_15' title="bbox 377 1645 2661 1716; baseline -0.002 -13"><span class='ocrx_word' id='word_1_141' title='bbox 377 1666 540 1716; x_wconf 87' lang='lat' dir='ltr'><strong>neas,</strong></span> <span class='ocrx_word' id='word_1_142' title='bbox 585 1653 705 1701; x_wconf 89' lang='lat' dir='ltr'><strong>ante</strong></span> <span class='ocrx_word' id='word_1_143' title='bbox 754 1647 925 1701; x_wconf 89' lang='lat' dir='ltr'><strong>omnia</strong></span> <span class='ocrx_word' id='word_1_144' title='bbox 959 1663 1170 1700; x_wconf 89' lang='lat' dir='ltr'><strong>necesse</strong></span> <span class='ocrx_word' id='word_1_145' title='bbox 1205 1653 1301 1700; x_wconf 85' lang='lat' dir='ltr'><strong>est.</strong></span> <span class='ocrx_word' id='word_1_146' title='bbox 1375 1645 1476 1699; x_wconf 89' lang='lat' dir='ltr'><strong>Est</strong></span> <span class='ocrx_word' id='word_1_147' title='bbox 1510 1648 1644 1699; x_wconf 89' lang='lat' dir='ltr'><strong>enim</strong></span> <span class='ocrx_word' id='word_1_148' title='bbox 1679 1648 1732 1699; x_wconf 91' lang='lat' dir='ltr'><strong>in</strong></span> <span class='ocrx_word' id='word_1_149' title='bbox 1767 1647 1949 1714; x_wconf 81' lang='lat' dir='ltr'><strong>quovis</strong></span> <span class='ocrx_word' id='word_1_150' title='bbox 1984 1647 2117 1715; x_wconf 89' lang='lat' dir='ltr'><strong>pede</strong></span> <span class='ocrx_word' id='word_1_151' title='bbox 2152 1661 2260 1699; x_wconf 89' lang='lat' dir='ltr'><strong>una</strong></span> <span class='ocrx_word' id='word_1_152' title='bbox 2296 1648 2521 1712; x_wconf 83' lang='lat' dir='ltr'><strong>syllaba</strong></span> <span class='ocrx_word' id='word_1_153' title='bbox 2558 1662 2661 1715; x_wconf 68' lang='grc' dir='ltr'><strong>μιν</strong></span> 
     </span>
    </p>
   </div>
   <div class='ocr_carea' id='block_1_3' title="bbox 375 1746 2660 1935">
    <p class='ocr_par' dir='ltr' id='par_1_4' title="bbox 375 1746 2660 1935">
     <span class='ocr_line' id='line_1_16' title="bbox 375 1746 2660 1816; baseline -0.001 -13"><span class='ocrx_word' id='word_1_154' title='bbox 375 1750 567 1803; x_wconf 81' lang='lat' dir='ltr'><strong>ceteris</strong></span> <span class='ocrx_word' id='word_1_155' title='bbox 601 1747 711 1800; x_wconf 80' lang='lat' dir='ltr'><strong>ictu</strong></span> <span class='ocrx_word' id='word_1_156' title='bbox 746 1746 1004 1812; x_wconf 78' lang='lat' dir='ltr'><strong>insignita,</strong></span> <span class='ocrx_word' id='word_1_157' title='bbox 1038 1760 1207 1812; x_wconf 83' lang='lat' dir='ltr'><strong>eoque</strong></span> <span class='ocrx_word' id='word_1_158' title='bbox 1240 1747 1356 1814; x_wconf 80' lang='lat' dir='ltr'><strong>ipso</strong></span> <span class='ocrx_word' id='word_1_159' title='bbox 1390 1760 1599 1814; x_wconf 87' lang='lat' dir='ltr'><strong>semper</strong></span> <span class='ocrx_word' id='word_1_160' title='bbox 1633 1747 1807 1813; x_wconf 82' lang='lat' dir='ltr'><strong>longa,</strong></span> <span class='ocrx_word' id='word_1_161' title='bbox 1843 1753 1903 1798; x_wconf 89' lang='lat' dir='ltr'><strong>ut</strong></span> <span class='ocrx_word' id='word_1_162' title='bbox 1930 1746 2123 1816; x_wconf 82' lang='lat' dir='ltr'><strong>corripi</strong></span> <span class='ocrx_word' id='word_1_163' title='bbox 2154 1761 2441 1813; x_wconf 79' lang='lat' dir='ltr'><strong>nunquam</strong></span> <span class='ocrx_word' id='word_1_164' title='bbox 2464 1760 2660 1816; x_wconf 69' lang='lat' dir='ltr'><strong>prot-</strong></span> 
     </span>
     <span class='ocr_line' id='line_1_17' title="bbox 375 1834 2657 1935; baseline -0.003 -15"><span class='ocrx_word' id='word_1_165' title='bbox 375 1867 555 1935; x_wconf 70' lang='lat' dir='ltr'><strong>possit·</strong></span> <span class='ocrx_word' id='word_1_166' title='bbox 637 1863 788 1916; x_wconf 84' lang='lat' dir='ltr'><strong>Haec</strong></span> <span class='ocrx_word' id='word_1_167' title='bbox 836 1867 918 1914; x_wconf 86' lang='lat' dir='ltr'><strong>est</strong></span> <span class='ocrx_word' id='word_1_168' title='bbox 963 1862 1191 1915; x_wconf 84' lang='lat' dir='ltr'><strong>secunda</strong></span> <span class='ocrx_word' id='word_1_169' title='bbox 1225 1863 1280 1916; x_wconf 83' lang='lat' dir='ltr'><strong>in</strong></span> <span class='ocrx_word' id='word_1_170' title='bbox 1315 1863 1544 1930; x_wconf 76' lang='lat' dir='ltr'><strong>diiambo</strong></span> <span class='ocrx_word' id='word_1_171' title='bbox 1582 1869 1638 1916; x_wconf 88' lang='lat' dir='ltr'><strong>et</strong></span> <span class='ocrx_word' id='word_1_172' title='bbox 1671 1861 2063 1932; x_wconf 70' lang='lat' dir='ltr'><strong>amphibrachoz</strong></span> <span class='ocrx_word' id='word_1_173' title='bbox 2109 1834 2429 1930; x_wconf 73' lang='lat' dir='ltr'><strong>v-⁸-v—‚</strong></span> <span class='ocrx_word' id='word_1_174' title='bbox 2480 1836 2657 1928; x_wconf 61' lang='lat' dir='ltr'><strong>assw,</strong></span> 
     </span>
    </p>
   </div>
   <div class='ocr_carea' id='block_1_4' title="bbox 372 1951 2657 2049">
    <p class='ocr_par' dir='ltr' id='par_1_5' title="bbox 372 1951 2657 2049">
     <span class='ocr_line' id='line_1_18' title="bbox 372 1951 2657 2049; baseline -0.002 -13"><span class='ocrx_word' id='word_1_175' title='bbox 372 1983 527 2036; x_wconf 86' lang='lat' dir='ltr'><strong>tertia</strong></span> <span class='ocrx_word' id='word_1_176' title='bbox 592 1982 645 2034; x_wconf 88' lang='lat' dir='ltr'><strong>in</strong></span> <span class='ocrx_word' id='word_1_177' title='bbox 707 1980 907 2032; x_wconf 84' lang='lat' dir='ltr'><strong>ionico:</strong></span> <span class='ocrx_word' id='word_1_178' title='bbox 994 1996 1028 2029; x_wconf 82' lang='grc' dir='ltr'><strong>υ</strong></span> <span class='ocrx_word' id='word_1_179' title='bbox 1058 1997 1089 2029; x_wconf 87' lang='grc' dir='ltr'><strong>υ</strong></span> <span class='ocrx_word' id='word_1_180' title='bbox 1118 1951 1190 2020; x_wconf 74' lang='lat'>-⁸—-</span> <span class='ocrx_word' id='word_1_181' title='bbox 1221 2008 1294 2022; x_wconf 91' lang='lat'>—</span> <span class='ocrx_word' id='word_1_182' title='bbox 1319 2019 1336 2046; x_wconf 92' lang='lat'><strong>,</strong></span> <span class='ocrx_word' id='word_1_183' title='bbox 1448 1981 1633 2034; x_wconf 89' lang='lat' dir='ltr'><strong>ultima</strong></span> <span class='ocrx_word' id='word_1_184' title='bbox 1706 1981 1759 2034; x_wconf 88' lang='lat' dir='ltr'><strong>in</strong></span> <span class='ocrx_word' id='word_1_185' title='bbox 1830 1987 2110 2049; x_wconf 88' lang='lat' dir='ltr'><strong>anapaesto</strong></span> <span class='ocrx_word' id='word_1_186' title='bbox 2190 1986 2251 2032; x_wconf 83' lang='lat' dir='ltr'><strong>et</strong></span> <span class='ocrx_word' id='word_1_187' title='bbox 2323 1979 2657 2034; x_wconf 71' lang='lat' dir='ltr'><strong>choriambo:</strong></span> 
     </span>
    </p>
   </div>
   <div class='ocr_carea' id='block_1_5' title="bbox 372 2068 2658 2166">
    <p class='ocr_par' dir='ltr' id='par_1_6' title="bbox 372 2068 2658 2166">
     <span class='ocr_line' id='line_1_19' title="bbox 372 2068 2658 2166; baseline 0 -15"><span class='ocrx_word' id='word_1_188' title='bbox 372 2072 564 2165; x_wconf 58' lang='lat' dir='ltr'><strong>arv-2,</strong></span> <span class='ocrx_word' id='word_1_189' title='bbox 603 2068 889 2160; x_wconf 58' lang='lat' dir='ltr'>-vvssg</span> <span class='ocrx_word' id='word_1_190' title='bbox 937 2097 990 2149; x_wconf 83' lang='lat' dir='ltr'><strong>in</strong></span> <span class='ocrx_word' id='word_1_191' title='bbox 1042 2099 1311 2166; x_wconf 72' lang='lat' dir='ltr'><strong>antispasti</strong></span> <span class='ocrx_word' id='word_1_192' title='bbox 1358 2098 1585 2152; x_wconf 72' lang='lat' dir='ltr'><strong>secunda</strong></span> <span class='ocrx_word' id='word_1_193' title='bbox 1645 2104 1699 2151; x_wconf 88' lang='lat' dir='ltr'><strong>et</strong></span> <span class='ocrx_word' id='word_1_194' title='bbox 1743 2099 1899 2151; x_wconf 71' lang='lat' dir='ltr'><strong>tertia</strong></span> <span class='ocrx_word' id='word_1_195' title='bbox 1948 2097 2319 2165; x_wconf 75' lang='lat' dir='ltr'><strong>aequilibrium</strong></span> <span class='ocrx_word' id='word_1_196' title='bbox 2369 2106 2464 2152; x_wconf 73' lang='lat' dir='ltr'><strong>est</strong></span> <span class='ocrx_word' id='word_1_197' title='bbox 2498 2113 2658 2151; x_wconf 62' lang='lat' dir='ltr'><strong>arsen</strong></span> 
     </span>
    </p>
   </div>
   <div class='ocr_carea' id='block_1_6' title="bbox 373 2188 2657 3075">
    <p class='ocr_par' dir='ltr' id='par_1_7' title="bbox 373 2188 2657 3075">
     <span class='ocr_line' id='line_1_20' title="bbox 373 2188 2657 2285; baseline -0.002 -13"><span class='ocrx_word' id='word_1_198' title='bbox 373 2224 634 2283; x_wconf 88' lang='lat' dir='ltr'><strong>mutuum,</strong></span> <span class='ocrx_word' id='word_1_199' title='bbox 680 2220 739 2268; x_wconf 92' lang='lat' dir='ltr'><strong>ut</strong></span> <span class='ocrx_word' id='word_1_200' title='bbox 786 2221 958 2267; x_wconf 88' lang='lat' dir='ltr'><strong>tamen</strong></span> <span class='ocrx_word' id='word_1_201' title='bbox 1008 2213 1171 2267; x_wconf 87' lang='lat' dir='ltr'><strong>altera</strong></span> <span class='ocrx_word' id='word_1_202' title='bbox 1220 2216 1382 2285; x_wconf 79' lang='lat' dir='ltr'><strong>priori</strong></span> <span class='ocrx_word' id='word_1_203' title='bbox 1436 2217 1614 2269; x_wconf 84' lang='lat' dir='ltr'><strong>collisa</strong></span> <span class='ocrx_word' id='word_1_204' title='bbox 1649 2217 1855 2284; x_wconf 81' lang='lat' dir='ltr'><strong>gravius</strong></span> <span class='ocrx_word' id='word_1_205' title='bbox 1891 2216 2159 2268; x_wconf 83' lang='lat' dir='ltr'><strong>audiatur=</strong></span> <span class='ocrx_word' id='word_1_206' title='bbox 2212 2234 2250 2266; x_wconf 83' lang='grc' dir='ltr'><strong>υ</strong></span> <span class='ocrx_word' id='word_1_207' title='bbox 2276 2188 2346 2255; x_wconf 81' lang='lat'><strong>-⁸-</strong></span> <span class='ocrx_word' id='word_1_208' title='bbox 2378 2188 2529 2267; x_wconf 74' lang='lat' dir='ltr'><strong>-⁸—v.</strong></span> <span class='ocrx_word' id='word_1_209' title='bbox 2606 2213 2657 2268; x_wconf 79' lang='lat' dir='ltr'><strong>Ia</strong></span> 
     </span>
     <span class='ocr_line' id='line_1_21' title="bbox 374 2310 2656 2386; baseline -0.001 -15"><span class='ocrx_word' id='word_1_210' title='bbox 374 2318 633 2386; x_wconf 86' lang='lat' dir='ltr'><strong>dijambo,</strong></span> <span class='ocrx_word' id='word_1_211' title='bbox 690 2316 860 2368; x_wconf 88' lang='lat' dir='ltr'><strong>ionico</strong></span> <span class='ocrx_word' id='word_1_212' title='bbox 914 2317 968 2365; x_wconf 84' lang='lat' dir='ltr'><strong>et</strong></span> <span class='ocrx_word' id='word_1_213' title='bbox 1010 2310 1306 2367; x_wconf 75' lang='lat' dir='ltr'><strong>choriambo</strong></span> <span class='ocrx_word' id='word_1_214' title='bbox 1359 2314 1522 2367; x_wconf 86' lang='lat' dir='ltr'><strong>altera</strong></span> <span class='ocrx_word' id='word_1_215' title='bbox 1573 2315 1771 2381; x_wconf 88' lang='lat' dir='ltr'><strong>syllaba</strong></span> <span class='ocrx_word' id='word_1_216' title='bbox 1821 2315 1975 2382; x_wconf 77' lang='lat' dir='ltr'><strong>longa</strong></span> <span class='ocrx_word' id='word_1_217' title='bbox 2010 2316 2078 2366; x_wconf 89' lang='lat' dir='ltr'><strong>ab</strong></span> <span class='ocrx_word' id='word_1_218' title='bbox 2114 2315 2219 2366; x_wconf 89' lang='lat' dir='ltr'><strong>arsi</strong></span> <span class='ocrx_word' id='word_1_219' title='bbox 2259 2315 2491 2381; x_wconf 86' lang='lat' dir='ltr'><strong>quidem</strong></span> <span class='ocrx_word' id='word_1_220' title='bbox 2524 2316 2656 2368; x_wconf 72' lang='lat' dir='ltr'><strong>sina!</strong></span> 
     </span>
     <span class='ocr_line' id='line_1_22' title="bbox 373 2412 2655 2484; baseline -0.002 -14"><span class='ocrx_word' id='word_1_221' title='bbox 373 2419 631 2484; x_wconf 74' lang='lat' dir='ltr'><strong>tangitur,</strong></span> <span class='ocrx_word' id='word_1_222' title='bbox 680 2413 774 2467; x_wconf 80' lang='lat' dir='ltr'><strong>sed</strong></span> <span class='ocrx_word' id='word_1_223' title='bbox 809 2412 860 2465; x_wconf 84' lang='lat' dir='ltr'><strong>vi</strong></span> <span class='ocrx_word' id='word_1_224' title='bbox 905 2412 1063 2477; x_wconf 78' lang='lat' dir='ltr'><strong>longe</strong></span> <span class='ocrx_word' id='word_1_225' title='bbox 1101 2413 1313 2465; x_wconf 83' lang='lat' dir='ltr'><strong>minori=</strong></span> <span class='ocrx_word' id='word_1_226' title='bbox 1364 2428 1430 2465; x_wconf 90' lang='lat' dir='ltr'><strong>eo</strong></span> <span class='ocrx_word' id='word_1_227' title='bbox 1466 2414 1601 2466; x_wconf 87' lang='lat' dir='ltr'><strong>enim</strong></span> <span class='ocrx_word' id='word_1_228' title='bbox 1634 2415 1747 2466; x_wconf 72' lang='lat' dir='ltr'><strong>solo</strong></span> <span class='ocrx_word' id='word_1_229' title='bbox 1782 2429 1875 2482; x_wconf 89' lang='lat' dir='ltr'><strong>pes</strong></span> <span class='ocrx_word' id='word_1_230' title='bbox 1924 2420 2147 2480; x_wconf 87' lang='lat' dir='ltr'><strong>quatuor</strong></span> <span class='ocrx_word' id='word_1_231' title='bbox 2181 2414 2527 2479; x_wconf 80' lang='lat' dir='ltr'><strong>syllabarum</strong></span> <span class='ocrx_word' id='word_1_232' title='bbox 2558 2416 2655 2466; x_wconf 78' lang='lat' dir='ltr'><strong>nni·</strong></span> 
     </span>
     <span class='ocr_line' id='line_1_23' title="bbox 375 2511 2653 2580; baseline -0 -12"><span class='ocrx_word' id='word_1_233' title='bbox 375 2522 534 2569; x_wconf 88' lang='lat' dir='ltr'><strong>tatem</strong></span> <span class='ocrx_word' id='word_1_234' title='bbox 583 2521 637 2567; x_wconf 90' lang='lat' dir='ltr'><strong>et</strong></span> <span class='ocrx_word' id='word_1_235' title='bbox 685 2512 1025 2566; x_wconf 76' lang='lat' dir='ltr'><strong>constantiam</strong></span> <span class='ocrx_word' id='word_1_236' title='bbox 1074 2511 1422 2576; x_wconf 86' lang='lat' dir='ltr'><strong>nanciscitur,</strong></span> <span class='ocrx_word' id='word_1_237' title='bbox 1477 2512 1618 2578; x_wconf 90' lang='lat' dir='ltr'><strong>quod</strong></span> <span class='ocrx_word' id='word_1_238' title='bbox 1667 2528 1770 2564; x_wconf 89' lang='lat' dir='ltr'><strong>non</strong></span> <span class='ocrx_word' id='word_1_239' title='bbox 1820 2513 2039 2580; x_wconf 88' lang='lat' dir='ltr'><strong>amplius</strong></span> <span class='ocrx_word' id='word_1_240' title='bbox 2088 2512 2253 2580; x_wconf 81' lang='lat' dir='ltr'><strong>pedes</strong></span> <span class='ocrx_word' id='word_1_241' title='bbox 2290 2513 2407 2566; x_wconf 89' lang='lat' dir='ltr'><strong>dno</strong></span> <span class='ocrx_word' id='word_1_242' title='bbox 2448 2516 2653 2567; x_wconf 66' lang='lat' dir='ltr'><strong>minam</strong></span> 
     </span>
     <span class='ocr_line' id='line_1_24' title="bbox 375 2608 2651 2682; baseline -0 -17"><span class='ocrx_word' id='word_1_243' title='bbox 375 2630 469 2682; x_wconf 91' lang='lat' dir='ltr'><strong>per</strong></span> <span class='ocrx_word' id='word_1_244' title='bbox 504 2629 562 2665; x_wconf 87' lang='lat' dir='ltr'><strong>se</strong></span> <span class='ocrx_word' id='word_1_245' title='bbox 597 2617 884 2681; x_wconf 90' lang='lat' dir='ltr'><strong>ponantur,</strong></span> <span class='ocrx_word' id='word_1_246' title='bbox 934 2608 1029 2660; x_wconf 86' lang='lat' dir='ltr'><strong>sed</strong></span> <span class='ocrx_word' id='word_1_247' title='bbox 1064 2612 1165 2662; x_wconf 67' lang='lat' dir='ltr'><strong>und</strong></span> <span class='ocrx_word' id='word_1_248' title='bbox 1199 2611 1302 2663; x_wconf 84' lang='lat' dir='ltr'><strong>arsi</strong></span> <span class='ocrx_word' id='word_1_249' title='bbox 1339 2610 1530 2679; x_wconf 86' lang='lat' dir='ltr'><strong>potiori</strong></span> <span class='ocrx_word' id='word_1_250' title='bbox 1574 2612 1624 2662; x_wconf 91' lang='lat' dir='ltr'><strong>in</strong></span> <span class='ocrx_word' id='word_1_251' title='bbox 1661 2612 1962 2664; x_wconf 83' lang='lat' dir='ltr'><strong>societatem</strong></span> <span class='ocrx_word' id='word_1_252' title='bbox 1998 2618 2202 2664; x_wconf 85' lang='lat' dir='ltr'><strong>coeant.</strong></span> <span class='ocrx_word' id='word_1_253' title='bbox 2280 2613 2451 2666; x_wconf 85' lang='lat' dir='ltr'><strong>Unde</strong></span> <span class='ocrx_word' id='word_1_254' title='bbox 2486 2615 2578 2680; x_wconf 74' lang='lat' dir='ltr'><strong>fit,</strong></span> <span class='ocrx_word' id='word_1_255' title='bbox 2606 2622 2651 2664; x_wconf 80' lang='lat' dir='ltr'><strong>nt</strong></span> 
     </span>
     <span class='ocr_line' id='line_1_25' title="bbox 375 2707 2647 2782; baseline -0.001 -16"><span class='ocrx_word' id='word_1_256' title='bbox 375 2715 537 2767; x_wconf 88' lang='lat' dir='ltr'><strong>altera</strong></span> <span class='ocrx_word' id='word_1_257' title='bbox 596 2710 722 2764; x_wconf 88' lang='lat' dir='ltr'><strong>haec</strong></span> <span class='ocrx_word' id='word_1_258' title='bbox 778 2707 1005 2775; x_wconf 81' lang='lat' dir='ltr'><strong>syllaba,</strong></span> <span class='ocrx_word' id='word_1_259' title='bbox 1061 2723 1180 2760; x_wconf 86' lang='lat' dir='ltr'><strong>eum</strong></span> <span class='ocrx_word' id='word_1_260' title='bbox 1230 2709 1296 2761; x_wconf 88' lang='lat' dir='ltr'><strong>ab</strong></span> <span class='ocrx_word' id='word_1_261' title='bbox 1351 2708 1454 2761; x_wconf 83' lang='lat' dir='ltr'><strong>arsi</strong></span> <span class='ocrx_word' id='word_1_262' title='bbox 1504 2709 1693 2777; x_wconf 87' lang='lat' dir='ltr'><strong>potiori</strong></span> <span class='ocrx_word' id='word_1_263' title='bbox 1742 2724 1845 2762; x_wconf 91' lang='lat' dir='ltr'><strong>non</strong></span> <span class='ocrx_word' id='word_1_264' title='bbox 1897 2716 2169 2776; x_wconf 77' lang='lat' dir='ltr'><strong>tangatur,</strong></span> <span class='ocrx_word' id='word_1_265' title='bbox 2238 2713 2453 2781; x_wconf 84' lang='lat' dir='ltr'><strong>corripi</strong></span> <span class='ocrx_word' id='word_1_266' title='bbox 2492 2713 2647 2782; x_wconf 64' lang='lat' dir='ltr'><strong>ponit,</strong></span> 
     </span>
     <span class='ocr_line' id='line_1_26' title="bbox 375 2804 2644 2881; baseline -0.001 -17"><span class='ocrx_word' id='word_1_267' title='bbox 375 2826 664 2881; x_wconf 85' lang='lat' dir='ltr'><strong>quanquam</strong></span> <span class='ocrx_word' id='word_1_268' title='bbox 711 2809 968 2875; x_wconf 86' lang='lat' dir='ltr'><strong>correptio</strong></span> <span class='ocrx_word' id='word_1_269' title='bbox 1013 2804 1142 2858; x_wconf 88' lang='lat' dir='ltr'><strong>haec</strong></span> <span class='ocrx_word' id='word_1_270' title='bbox 1183 2806 1237 2858; x_wconf 88' lang='lat' dir='ltr'><strong>in</strong></span> <span class='ocrx_word' id='word_1_271' title='bbox 1273 2805 1502 2873; x_wconf 84' lang='lat' dir='ltr'><strong>dijambo</strong></span> <span class='ocrx_word' id='word_1_272' title='bbox 1544 2815 1601 2861; x_wconf 92' lang='lat' dir='ltr'><strong>et</strong></span> <span class='ocrx_word' id='word_1_273' title='bbox 1642 2809 1812 2861; x_wconf 85' lang='lat' dir='ltr'><strong>ionico</strong></span> <span class='ocrx_word' id='word_1_274' title='bbox 1861 2810 2119 2861; x_wconf 85' lang='lat' dir='ltr'><strong>rarissima</strong></span> <span class='ocrx_word' id='word_1_275' title='bbox 2173 2815 2229 2861; x_wconf 87' lang='lat' dir='ltr'><strong>et</strong></span> <span class='ocrx_word' id='word_1_276' title='bbox 2270 2810 2393 2864; x_wconf 79' lang='lat' dir='ltr'><strong>fere</strong></span> <span class='ocrx_word' id='word_1_277' title='bbox 2444 2812 2644 2881; x_wconf 66' lang='lat' dir='ltr'><strong>proffigi</strong></span> 
     </span>
     <span class='ocr_line' id='line_1_27' title="bbox 375 2904 2643 2976; baseline -0.001 -12"><span class='ocrx_word' id='word_1_278' title='bbox 375 2914 535 2964; x_wconf 82' lang='lat' dir='ltr'><strong>instar</strong></span> <span class='ocrx_word' id='word_1_279' title='bbox 570 2915 682 2974; x_wconf 88' lang='lat' dir='ltr'><strong>est,</strong></span> <span class='ocrx_word' id='word_1_280' title='bbox 732 2904 1052 2974; x_wconf 86' lang='lat' dir='ltr'><strong>frequentior</strong></span> <span class='ocrx_word' id='word_1_281' title='bbox 1100 2911 1279 2958; x_wconf 84' lang='lat' dir='ltr'><strong>contra</strong></span> <span class='ocrx_word' id='word_1_282' title='bbox 1321 2907 1376 2958; x_wconf 87' lang='lat' dir='ltr'><strong>in</strong></span> <span class='ocrx_word' id='word_1_283' title='bbox 1408 2905 1735 2974; x_wconf 89' lang='lat' dir='ltr'><strong>choriambo,</strong></span> <span class='ocrx_word' id='word_1_284' title='bbox 1783 2910 1836 2961; x_wconf 89' lang='lat' dir='ltr'><strong>in</strong></span> <span class='ocrx_word' id='word_1_285' title='bbox 1871 2923 1976 2975; x_wconf 88' lang='lat' dir='ltr'><strong>quo</strong></span> <span class='ocrx_word' id='word_1_286' title='bbox 2011 2922 2115 2960; x_wconf 82' lang='lat' dir='ltr'><strong>vox</strong></span> <span class='ocrx_word' id='word_1_287' title='bbox 2146 2914 2209 2960; x_wconf 91' lang='lat' dir='ltr'><strong>ut</strong></span> <span class='ocrx_word' id='word_1_288' title='bbox 2242 2908 2475 2963; x_wconf 73' lang='lat' dir='ltr'><strong>brevem</strong></span> <span class='ocrx_word' id='word_1_289' title='bbox 2508 2910 2643 2976; x_wconf 76' lang='lat' dir='ltr'><strong>sylla-</strong></span> 
     </span>
     <span class='ocr_line' id='line_1_28' title="bbox 375 2982 2640 3075; baseline -0.001 -12"><span class='ocrx_word' id='word_1_290' title='bbox 375 3011 494 3063; x_wconf 88' lang='lat' dir='ltr'><strong>bam</strong></span> <span class='ocrx_word' id='word_1_291' title='bbox 537 3008 733 3061; x_wconf 88' lang='lat' dir='ltr'><strong>duabus</strong></span> <span class='ocrx_word' id='word_1_292' title='bbox 768 3004 1008 3057; x_wconf 77' lang='lat' dir='ltr'><strong>brevibus</strong></span> <span class='ocrx_word' id='word_1_293' title='bbox 1049 2982 1391 3072; x_wconf 76' lang='lat' dir='ltr'><strong>antepositam</strong></span> <span class='ocrx_word' id='word_1_294' title='bbox 1442 3006 1694 3075; x_wconf 85' lang='lat' dir='ltr'><strong>producat</strong></span> <span class='ocrx_word' id='word_1_295' title='bbox 1730 3008 1779 3059; x_wconf 82' lang='lat' dir='ltr'><strong>vi</strong></span> <span class='ocrx_word' id='word_1_296' title='bbox 1819 3007 2060 3074; x_wconf 87' lang='lat' dir='ltr'><strong>adigitur.</strong></span> <span class='ocrx_word' id='word_1_297' title='bbox 2117 3032 2187 3047; x_wconf 91' lang='lat'>—</span> <span class='ocrx_word' id='word_1_298' title='bbox 2258 3006 2420 3061; x_wconf 88' lang='lat' dir='ltr'><strong>Inter</strong></span> <span class='ocrx_word' id='word_1_299' title='bbox 2462 3009 2640 3073; x_wconf 73' lang='lat' dir='ltr'><strong>breves,</strong></span> 
     </span>
    </p>
   </div>
   <div class='ocr_carea' id='block_1_7' title="bbox 377 3104 2639 3176">
    <p class='ocr_par' dir='ltr' id='par_1_8' title="bbox 377 3104 2639 3176">
     <span class='ocr_line' id='line_1_29' title="bbox 377 3104 2639 3176; baseline -0 -14"><span class='ocrx_word' id='word_1_300' title='bbox 377 3125 509 3176; x_wconf 90' lang='lat' dir='ltr'><strong>quae</strong></span> <span class='ocrx_word' id='word_1_301' title='bbox 544 3109 595 3161; x_wconf 88' lang='lat' dir='ltr'><strong>in</strong></span> <span class='ocrx_word' id='word_1_302' title='bbox 624 3106 807 3173; x_wconf 83' lang='lat' dir='ltr'><strong>quovis</strong></span> <span class='ocrx_word' id='word_1_303' title='bbox 838 3104 971 3173; x_wconf 90' lang='lat' dir='ltr'><strong>pede</strong></span> <span class='ocrx_word' id='word_1_304' title='bbox 1003 3111 1150 3170; x_wconf 86' lang='lat' dir='ltr'><strong>suut,</strong></span> <span class='ocrx_word' id='word_1_305' title='bbox 1197 3106 1423 3171; x_wconf 80' lang='lat' dir='ltr'><strong>syllabas</strong></span> <span class='ocrx_word' id='word_1_306' title='bbox 1464 3105 1593 3159; x_wconf 85' lang='lat' dir='ltr'><strong>duas</strong></span> <span class='ocrx_word' id='word_1_307' title='bbox 1633 3121 1737 3158; x_wconf 89' lang='lat' dir='ltr'><strong>una</strong></span> <span class='ocrx_word' id='word_1_308' title='bbox 1773 3106 1988 3175; x_wconf 89' lang='lat' dir='ltr'><strong>produci</strong></span> <span class='ocrx_word' id='word_1_309' title='bbox 2038 3111 2242 3175; x_wconf 86' lang='lat' dir='ltr'><strong>potest,</strong></span> <span class='ocrx_word' id='word_1_310' title='bbox 2293 3109 2449 3160; x_wconf 73' lang='lat' dir='ltr'><strong>varia</strong></span> <span class='ocrx_word' id='word_1_311' title='bbox 2488 3116 2639 3160; x_wconf 70' lang='lat' dir='ltr'><strong>mea</strong></span> 
     </span>
    </p>
   </div>
   <div class='ocr_carea' id='block_1_8' title="bbox 377 3195 2636 3297">
    <p class='ocr_par' dir='ltr' id='par_1_9' title="bbox 377 3195 2636 3297">
     <span class='ocr_line' id='line_1_30' title="bbox 377 3195 2636 3297; baseline -0.001 -18"><span class='ocrx_word' id='word_1_312' title='bbox 377 3243 476 3297; x_wconf 86' lang='lat' dir='ltr'><strong>pro</strong></span> <span class='ocrx_word' id='word_1_313' title='bbox 516 3224 743 3292; x_wconf 80' lang='lat' dir='ltr'><strong>quusvis</strong></span> <span class='ocrx_word' id='word_1_314' title='bbox 778 3220 997 3288; x_wconf 80' lang='lat' dir='ltr'><strong>rhythmi</strong></span> <span class='ocrx_word' id='word_1_315' title='bbox 1043 3224 1239 3276; x_wconf 72' lang='lat' dir='ltr'><strong>natura.</strong></span> <span class='ocrx_word' id='word_1_316' title='bbox 1311 3223 1373 3276; x_wconf 90' lang='lat' dir='ltr'><strong>In</strong></span> <span class='ocrx_word' id='word_1_317' title='bbox 1408 3223 1639 3291; x_wconf 83' lang='lat' dir='ltr'><strong>dijambo</strong></span> <span class='ocrx_word' id='word_1_318' title='bbox 1675 3224 1815 3292; x_wconf 88' lang='lat' dir='ltr'><strong>prior</strong></span> <span class='ocrx_word' id='word_1_319' title='bbox 1849 3224 2064 3293; x_wconf 91' lang='lat' dir='ltr'><strong>produci</strong></span> <span class='ocrx_word' id='word_1_320' title='bbox 2102 3226 2317 3293; x_wconf 72' lang='lat' dir='ltr'><strong>potestt</strong></span> <span class='ocrx_word' id='word_1_321' title='bbox 2372 3195 2420 3277; x_wconf 54' lang='lat' dir='ltr'><strong>a:</strong></span> <span class='ocrx_word' id='word_1_322' title='bbox 2429 3198 2505 3268; x_wconf 60' lang='grc' dir='ltr'><strong>-ἶ-</strong></span> <span class='ocrx_word' id='word_1_323' title='bbox 2521 3246 2551 3278; x_wconf 84' lang='grc' dir='ltr'>ιι</span> <span class='ocrx_word' id='word_1_324' title='bbox 2566 3251 2636 3287; x_wconf 84' lang='grc'><strong>-,</strong></span> 
     </span>
    </p>
   </div>
   <div class='ocr_carea' id='block_1_9' title="bbox 379 3321 2635 3591">
    <p class='ocr_par' dir='ltr' id='par_1_10' title="bbox 379 3321 2635 3591">
     <span class='ocr_line' id='line_1_31' title="bbox 379 3321 2635 3392; baseline -0.002 -12"><span class='ocrx_word' id='word_1_325' title='bbox 379 3342 495 3381; x_wconf 84' lang='lat' dir='ltr'><strong>cnm</strong></span> <span class='ocrx_word' id='word_1_326' title='bbox 533 3326 661 3378; x_wconf 84' lang='lat' dir='ltr'><strong>arsis</strong></span> <span class='ocrx_word' id='word_1_327' title='bbox 701 3324 831 3376; x_wconf 87' lang='lat' dir='ltr'><strong>duos</strong></span> <span class='ocrx_word' id='word_1_328' title='bbox 863 3321 1071 3388; x_wconf 79' lang='lat' dir='ltr'><strong>jambos</strong></span> <span class='ocrx_word' id='word_1_329' title='bbox 1111 3323 1414 3392; x_wconf 83' lang='lat' dir='ltr'><strong>amplexura</strong></span> <span class='ocrx_word' id='word_1_330' title='bbox 1454 3323 1732 3377; x_wconf 87' lang='lat' dir='ltr'><strong>secundam</strong></span> <span class='ocrx_word' id='word_1_331' title='bbox 1763 3324 2012 3388; x_wconf 79' lang='lat' dir='ltr'><strong>syllabam</strong></span> <span class='ocrx_word' id='word_1_332' title='bbox 2055 3323 2197 3375; x_wconf 70' lang='lat' dir='ltr'><strong>tanta</strong></span> <span class='ocrx_word' id='word_1_333' title='bbox 2241 3324 2293 3375; x_wconf 72' lang='lat' dir='ltr'><strong>ri</strong></span> <span class='ocrx_word' id='word_1_334' title='bbox 2338 3331 2549 3392; x_wconf 74' lang='lat' dir='ltr'><strong>tangat,</strong></span> <span class='ocrx_word' id='word_1_335' title='bbox 2588 3331 2635 3375; x_wconf 75' lang='lat' dir='ltr'><strong>at</strong></span> 
     </span>
     <span class='ocr_line' id='line_1_32' title="bbox 380 3419 2631 3492; baseline -0.002 -15"><span class='ocrx_word' id='word_1_336' title='bbox 380 3426 534 3477; x_wconf 83' lang='lat' dir='ltr'><strong>tertia</strong></span> <span class='ocrx_word' id='word_1_337' title='bbox 577 3425 630 3475; x_wconf 90' lang='lat' dir='ltr'><strong>in</strong></span> <span class='ocrx_word' id='word_1_338' title='bbox 665 3420 797 3474; x_wconf 88' lang='lat' dir='ltr'><strong>thesi</strong></span> <span class='ocrx_word' id='word_1_339' title='bbox 828 3419 1097 3473; x_wconf 84' lang='lat' dir='ltr'><strong>celerrima</strong></span> <span class='ocrx_word' id='word_1_340' title='bbox 1139 3428 1472 3487; x_wconf 80' lang='lat' dir='ltr'><strong>annectatur,</strong></span> <span class='ocrx_word' id='word_1_341' title='bbox 1529 3425 1695 3491; x_wconf 85' lang='lat' dir='ltr'><strong>prima</strong></span> <span class='ocrx_word' id='word_1_342' title='bbox 1733 3423 1894 3489; x_wconf 79' lang='lat' dir='ltr'><strong>igitur</strong></span> <span class='ocrx_word' id='word_1_343' title='bbox 1935 3437 2100 3492; x_wconf 87' lang='lat' dir='ltr'><strong>paene</strong></span> <span class='ocrx_word' id='word_1_344' title='bbox 2137 3422 2376 3474; x_wconf 84' lang='lat' dir='ltr'><strong>solitarie</strong></span> <span class='ocrx_word' id='word_1_345' title='bbox 2418 3432 2631 3492; x_wconf 79' lang='lat' dir='ltr'><strong>ponatur.</strong></span> 
     </span>
     <span class='ocr_line' id='line_1_33' title="bbox 379 3517 2629 3591; baseline 0 -18"><span class='ocrx_word' id='word_1_346' title='bbox 379 3523 440 3573; x_wconf 89' lang='lat' dir='ltr'><strong>ln</strong></span> <span class='ocrx_word' id='word_1_347' title='bbox 479 3517 841 3588; x_wconf 85' lang='lat' dir='ltr'><strong>amphibracho</strong></span> <span class='ocrx_word' id='word_1_348' title='bbox 881 3525 1090 3586; x_wconf 87' lang='lat' dir='ltr'><strong>contra,</strong></span> <span class='ocrx_word' id='word_1_349' title='bbox 1125 3537 1243 3575; x_wconf 90' lang='lat' dir='ltr'><strong>cum</strong></span> <span class='ocrx_word' id='word_1_350' title='bbox 1271 3524 1406 3575; x_wconf 82' lang='lat' dir='ltr'><strong>arsis</strong></span> <span class='ocrx_word' id='word_1_351' title='bbox 1433 3522 1713 3575; x_wconf 86' lang='lat' dir='ltr'><strong>secundam</strong></span> <span class='ocrx_word' id='word_1_352' title='bbox 1742 3521 1994 3587; x_wconf 83' lang='lat' dir='ltr'><strong>syllabam</strong></span> <span class='ocrx_word' id='word_1_353' title='bbox 2026 3522 2192 3574; x_wconf 89' lang='lat' dir='ltr'><strong>solam</strong></span> <span class='ocrx_word' id='word_1_354' title='bbox 2227 3527 2449 3589; x_wconf 72' lang='lat' dir='ltr'><strong>tangat,</strong></span> <span class='ocrx_word' id='word_1_355' title='bbox 2486 3523 2629 3591; x_wconf 80' lang='lat' dir='ltr'><strong>potis·</strong></span> 
     </span>
    </p>
   </div>
   <div class='ocr_carea' id='block_1_10' title="bbox 377 3616 2627 3738">
    <p class='ocr_par' dir='ltr' id='par_1_11' title="bbox 377 3616 2627 3738">
     <span class='ocr_line' id='line_1_34' title="bbox 377 3616 2627 3689; baseline -0.001 -17"><span class='ocrx_word' id='word_1_356' title='bbox 377 3621 506 3672; x_wconf 84' lang='lat' dir='ltr'><strong>sima</strong></span> <span class='ocrx_word' id='word_1_357' title='bbox 551 3616 758 3671; x_wconf 86' lang='lat' dir='ltr'><strong>theseos</strong></span> <span class='ocrx_word' id='word_1_358' title='bbox 797 3616 873 3668; x_wconf 81' lang='lat' dir='ltr'><strong>vis</strong></span> <span class='ocrx_word' id='word_1_359' title='bbox 916 3618 968 3669; x_wconf 87' lang='lat' dir='ltr'><strong>in</strong></span> <span class='ocrx_word' id='word_1_360' title='bbox 1005 3620 1168 3686; x_wconf 63' lang='lat' dir='ltr'><strong>prima</strong></span> <span class='ocrx_word' id='word_1_361' title='bbox 1199 3622 1272 3673; x_wconf 88' lang='lat' dir='ltr'><strong>ita</strong></span> <span class='ocrx_word' id='word_1_362' title='bbox 1300 3624 1592 3689; x_wconf 79' lang='lat' dir='ltr'><strong>colligitur,</strong></span> <span class='ocrx_word' id='word_1_363' title='bbox 1650 3627 1711 3673; x_wconf 92' lang='lat' dir='ltr'><strong>ut</strong></span> <span class='ocrx_word' id='word_1_364' title='bbox 1743 3620 1899 3672; x_wconf 86' lang='lat' dir='ltr'><strong>tertia</strong></span> <span class='ocrx_word' id='word_1_365' title='bbox 1932 3626 2053 3689; x_wconf 87' lang='lat' dir='ltr'><strong>post</strong></span> <span class='ocrx_word' id='word_1_366' title='bbox 2088 3618 2256 3672; x_wconf 87' lang='lat' dir='ltr'><strong>thesin</strong></span> <span class='ocrx_word' id='word_1_367' title='bbox 2290 3626 2351 3673; x_wconf 82' lang='lat' dir='ltr'><strong>et</strong></span> <span class='ocrx_word' id='word_1_368' title='bbox 2379 3621 2521 3673; x_wconf 84' lang='lat' dir='ltr'><strong>arsin</strong></span> <span class='ocrx_word' id='word_1_369' title='bbox 2548 3621 2627 3672; x_wconf 82' lang='lat' dir='ltr'><strong>ab·</strong></span> 
     </span>
     <span class='ocr_line' id='line_1_35' title="bbox 1729 3707 1821 3738; baseline 0 -21"><span class='ocrx_word' id='word_1_370' title='bbox 1729 3708 1741 3738; x_wconf 75' lang='grc'>,</span> <span class='ocrx_word' id='word_1_371' title='bbox 1794 3707 1821 3717; x_wconf 88' lang='grc'>-</span> 
     </span>
    </p>
   </div>
   <div class='ocr_carea' id='block_1_11' title="bbox 376 3733 2625 4193">
    <p class='ocr_par' dir='ltr' id='par_1_12' title="bbox 376 3733 2625 4193">
     <span class='ocr_line' id='line_1_36' title="bbox 377 3733 2625 3809; baseline -0.001 -20"><span class='ocrx_word' id='word_1_372' title='bbox 377 3736 574 3789; x_wconf 87' lang='lat' dir='ltr'><strong>solutas</strong></span> <span class='ocrx_word' id='word_1_373' title='bbox 612 3735 822 3788; x_wconf 86' lang='lat' dir='ltr'><strong>liberius</strong></span> <span class='ocrx_word' id='word_1_374' title='bbox 866 3733 1047 3790; x_wconf 89' lang='lat' dir='ltr'><strong>relicta</strong></span> <span class='ocrx_word' id='word_1_375' title='bbox 1091 3738 1307 3806; x_wconf 89' lang='lat' dir='ltr'><strong>produci</strong></span> <span class='ocrx_word' id='word_1_376' title='bbox 1363 3740 1553 3808; x_wconf 77' lang='lat' dir='ltr'><strong>possit:</strong></span> <span class='ocrx_word' id='word_1_377' title='bbox 1631 3756 1665 3788; x_wconf 78' lang='lat' dir='ltr'><strong><em>v</em></strong></span> <span class='ocrx_word' id='word_1_378' title='bbox 1698 3764 1765 3778; x_wconf 88' lang='lat'>-</span> <span class='ocrx_word' id='word_1_379' title='bbox 1794 3756 1858 3789; x_wconf 83' lang='lat' dir='ltr'><strong>v.</strong></span> <span class='ocrx_word' id='word_1_380' title='bbox 1948 3737 2199 3790; x_wconf 86' lang='lat' dir='ltr'><strong>Similiter</strong></span> <span class='ocrx_word' id='word_1_381' title='bbox 2245 3739 2303 3790; x_wconf 86' lang='lat' dir='ltr'><strong>in</strong></span> <span class='ocrx_word' id='word_1_382' title='bbox 2355 3741 2625 3809; x_wconf 74' lang='lat' dir='ltr'><strong>antispasto</strong></span> 
     </span>
     <span class='ocr_line' id='line_1_37' title="bbox 376 3821 2619 3923; baseline 0 -18"><span class='ocrx_word' id='word_1_383' title='bbox 376 3873 411 3905; x_wconf 74' lang='grc' dir='ltr'><strong>ν</strong></span> <span class='ocrx_word' id='word_1_384' title='bbox 445 3825 517 3896; x_wconf 72' lang='lat'><strong>-⁸-</strong></span> <span class='ocrx_word' id='word_1_385' title='bbox 552 3825 623 3895; x_wconf 70' lang='lat'><strong>-⁸-</strong></span> <span class='ocrx_word' id='word_1_386' title='bbox 658 3821 724 3907; x_wconf 56' lang='grc' dir='ltr'><strong>ἶο.</strong></span> <span class='ocrx_word' id='word_1_387' title='bbox 851 3853 911 3906; x_wconf 83' lang='lat' dir='ltr'><strong>In</strong></span> <span class='ocrx_word' id='word_1_388' title='bbox 976 3857 1145 3910; x_wconf 88' lang='lat' dir='ltr'><strong>ionico</strong></span> <span class='ocrx_word' id='word_1_389' title='bbox 1209 3854 1432 3922; x_wconf 88' lang='lat' dir='ltr'><strong>denique</strong></span> <span class='ocrx_word' id='word_1_390' title='bbox 1506 3860 1560 3906; x_wconf 87' lang='lat' dir='ltr'><strong>et</strong></span> <span class='ocrx_word' id='word_1_391' title='bbox 1623 3859 1904 3923; x_wconf 87' lang='lat' dir='ltr'><strong>anapaesto</strong></span> <span class='ocrx_word' id='word_1_392' title='bbox 1963 3855 2105 3923; x_wconf 88' lang='lat' dir='ltr'><strong>prior</strong></span> <span class='ocrx_word' id='word_1_393' title='bbox 2163 3870 2197 3907; x_wconf 88' lang='lat' dir='ltr'><strong>e</strong></span> <span class='ocrx_word' id='word_1_394' title='bbox 2253 3855 2471 3921; x_wconf 77' lang='lat' dir='ltr'><strong>syllabis</strong></span> <span class='ocrx_word' id='word_1_395' title='bbox 2523 3855 2619 3906; x_wconf 86' lang='lat' dir='ltr'><strong>bre-</strong></span> 
     </span>
     <span class='ocr_line' id='line_1_38' title="bbox 377 3943 2619 4017; baseline 0 -21"><span class='ocrx_word' id='word_1_396' title='bbox 377 3943 525 3997; x_wconf 80' lang='lat' dir='ltr'><strong>vibus</strong></span> <span class='ocrx_word' id='word_1_397' title='bbox 581 3950 857 4014; x_wconf 85' lang='lat' dir='ltr'><strong>propterea</strong></span> <span class='ocrx_word' id='word_1_398' title='bbox 924 3947 1143 4017; x_wconf 85' lang='lat' dir='ltr'><strong>produci</strong></span> <span class='ocrx_word' id='word_1_399' title='bbox 1201 3951 1406 4015; x_wconf 86' lang='lat' dir='ltr'><strong>potest,</strong></span> <span class='ocrx_word' id='word_1_400' title='bbox 1492 3945 1630 4013; x_wconf 87' lang='lat' dir='ltr'><strong>quod</strong></span> <span class='ocrx_word' id='word_1_401' title='bbox 1694 3946 1896 4012; x_wconf 79' lang='lat' dir='ltr'><strong>integra</strong></span> <span class='ocrx_word' id='word_1_402' title='bbox 1954 3943 2163 3997; x_wconf 85' lang='lat' dir='ltr'><strong>theseos</strong></span> <span class='ocrx_word' id='word_1_403' title='bbox 2214 3946 2293 3997; x_wconf 79' lang='lat' dir='ltr'><strong>vis</strong></span> <span class='ocrx_word' id='word_1_404' title='bbox 2358 3947 2619 4014; x_wconf 73' lang='lat' dir='ltr'><strong>proxi-an</strong></span> 
     </span>
     <span class='ocr_line' id='line_1_39' title="bbox 398 4034 2615 4101; baseline 0 -13"><span class='ocrx_word' id='word_1_405' title='bbox 398 4042 597 4088; x_wconf 88' lang='lat' dir='ltr'><strong>tantum</strong></span> <span class='ocrx_word' id='word_1_406' title='bbox 661 4041 781 4087; x_wconf 86' lang='lat' dir='ltr'><strong>ante</strong></span> <span class='ocrx_word' id='word_1_407' title='bbox 834 4037 972 4089; x_wconf 86' lang='lat' dir='ltr'><strong>arsin</strong></span> <span class='ocrx_word' id='word_1_408' title='bbox 1027 4036 1277 4101; x_wconf 81' lang='lat' dir='ltr'><strong>syllabam</strong></span> <span class='ocrx_word' id='word_1_409' title='bbox 1332 4035 1541 4088; x_wconf 83' lang='lat' dir='ltr'><strong>brevem</strong></span> <span class='ocrx_word' id='word_1_410' title='bbox 1600 4034 1811 4101; x_wconf 76' lang='lat' dir='ltr'><strong>tangit,</strong></span> <span class='ocrx_word' id='word_1_411' title='bbox 1894 4039 1953 4085; x_wconf 92' lang='lat' dir='ltr'><strong>ut</strong></span> <span class='ocrx_word' id='word_1_412' title='bbox 2018 4036 2162 4101; x_wconf 88' lang='lat' dir='ltr'><strong>prior</strong></span> <span class='ocrx_word' id='word_1_413' title='bbox 2219 4034 2420 4101; x_wconf 78' lang='lat' dir='ltr'><strong>syllaba</strong></span> <span class='ocrx_word' id='word_1_414' title='bbox 2472 4050 2615 4088; x_wconf 78' lang='lat' dir='ltr'><strong>reno-</strong></span> 
     </span>
     <span class='ocr_line' id='line_1_40' title="bbox 376 4122 2613 4193; baseline 0.001 -20"><span class='ocrx_word' id='word_1_415' title='bbox 376 4125 478 4174; x_wconf 82' lang='lat' dir='ltr'><strong>tius</strong></span> <span class='ocrx_word' id='word_1_416' title='bbox 536 4122 603 4172; x_wconf 86' lang='lat' dir='ltr'><strong>ab</strong></span> <span class='ocrx_word' id='word_1_417' title='bbox 665 4123 768 4174; x_wconf 86' lang='lat' dir='ltr'><strong>arsi</strong></span> <span class='ocrx_word' id='word_1_418' title='bbox 840 4122 1065 4189; x_wconf 87' lang='lat' dir='ltr'><strong>distans,</strong></span> <span class='ocrx_word' id='word_1_419' title='bbox 1149 4125 1192 4176; x_wconf 88' lang='lat' dir='ltr'><strong>si</strong></span> <span class='ocrx_word' id='word_1_420' title='bbox 1258 4123 1395 4177; x_wconf 79' lang='lat' dir='ltr'><strong>forte</strong></span> <span class='ocrx_word' id='word_1_421' title='bbox 1459 4125 1808 4193; x_wconf 86' lang='lat' dir='ltr'><strong>producatur,</strong></span> <span class='ocrx_word' id='word_1_422' title='bbox 1900 4122 2191 4189; x_wconf 85' lang='lat' dir='ltr'><strong>rhythmum</strong></span> <span class='ocrx_word' id='word_1_423' title='bbox 2266 4129 2439 4176; x_wconf 82' lang='lat' dir='ltr'><strong>tamen</strong></span> <span class='ocrx_word' id='word_1_424' title='bbox 2503 4122 2613 4175; x_wconf 78' lang='lat' dir='ltr'><strong>hand</strong></span> 
     </span>
    </p>
   </div>
   <div class='ocr_carea' id='block_1_12' title="bbox 375 4211 2612 4310">
    <p class='ocr_par' dir='ltr' id='par_1_13' title="bbox 375 4211 2612 4310">
     <span class='ocr_line' id='line_1_41' title="bbox 375 4211 2612 4310; baseline 0.002 -22"><span class='ocrx_word' id='word_1_425' title='bbox 375 4238 577 4289; x_wconf 72' lang='lat' dir='ltr'><strong>laedatz</strong></span> <span class='ocrx_word' id='word_1_426' title='bbox 628 4211 933 4307; x_wconf 47' lang='grc' dir='ltr'><strong>νν-ὶ--η</strong></span> <span class='ocrx_word' id='word_1_427' title='bbox 985 4260 1074 4291; x_wconf 77' lang='grc' dir='ltr'><strong>νυ</strong></span> <span class='ocrx_word' id='word_1_428' title='bbox 1109 4212 1210 4293; x_wconf 56' lang='lat'>-’-.</span> <span class='ocrx_word' id='word_1_429' title='bbox 1319 4241 1453 4294; x_wconf 85' lang='lat' dir='ltr'><strong>Nam</strong></span> <span class='ocrx_word' id='word_1_430' title='bbox 1510 4245 1562 4295; x_wconf 89' lang='lat' dir='ltr'><strong>in</strong></span> <span class='ocrx_word' id='word_1_431' title='bbox 1614 4243 1753 4295; x_wconf 87' lang='lat' dir='ltr'><strong>omni</strong></span> <span class='ocrx_word' id='word_1_432' title='bbox 1812 4242 2009 4308; x_wconf 63' lang='lat' dir='ltr'><strong>syllabfi</strong></span> <span class='ocrx_word' id='word_1_433' title='bbox 2060 4238 2206 4293; x_wconf 80' lang='lat' dir='ltr'><strong>brevi</strong></span> <span class='ocrx_word' id='word_1_434' title='bbox 2254 4241 2329 4293; x_wconf 78' lang='lat' dir='ltr'><strong>ita</strong></span> <span class='ocrx_word' id='word_1_435' title='bbox 2386 4240 2612 4310; x_wconf 71' lang='lat' dir='ltr'><strong>products</strong></span> 
     </span>
    </p>
   </div>
  </div>
 </body>
</html>
