2675 4692
755 293 873 364 De
922 301 1480 390 pronominibus
1530 307 1827 379 suffixis.
2264 330 2410 402 241

123 469 342 559 privae
402 482 871 566 poetarumque
925 480 1264 548 commodo
1323 483 1735 558 inservientes
1784 491 1873 578 ¹).
1971 496 2079 564 De
2140 523 2413 589 quorum

120 594 264 650 ortu
310 585 487 679 haud
516 589 705 655 anxie
753 602 852 659 cst
892 596 1345 681 quaerendum.
1430 601 1599 668 Nam
1641 628 1719 671 ex
1759 607 1999 696 ingenti
2035 614 2161 699 qua
2192 612 2411 703 lingua

114 696 366 784 gaudet
430 703 741 797 vocalium
802 706 1094 778 ubertate
1165 712 1372 780 forma
1441 714 1674 786 detrita
1734 731 1961 809 sponte
2017 729 2132 791 sua
2175 749 2409 797 novum

112 824 537 899 angmentum
593 790 814 886 vocale
869 844 1123 889 sumere
1162 837 1417 914 potest;
1487 833 1590 898 cui
1632 835 1936 919 accessit,
1983 838 2175 928 ‚quod
2217 846 2237 909 i
2279 843 2406 910 hoc

110 942 262 1013 alias
325 969 411 1014 ex
468 952 649 1018 certa
708 956 901 1019 causa
958 954 1025 1021 in
1066 956 1162 1043 ja
1206 961 1456 1028 transiit
1492 961 1557 1052 5
1586 960 1734 1032 369.
1792 1005 1879 1018 —·
1959 971 2057 1040 ΡΙ.
2102 959 2156 1058 [Ξ
2201 998 2281 1045 ex
2327 999 2401 1054 τι)

109 1063 371 1131 mansit.
428 1101 517 1115 —
599 1061 831 1132 Prodit
869 1065 1020 1136 hinc
1061 1093 1244 1160 pron.
1287 1076 1432 1143 suff.
1476 1093 1860 1168 conspectus
1901 1084 2042 1154 hic:

257 2269 326 2336 2.
393 2269 540 2337 Vox
610 2281 826 2338 autem
895 2269 1183 2358 praefixa
1253 2288 1373 2356 per
1430 2290 1503 2333 se
1559 2286 1689 2331 non
1748 2275 2030 2334 mutatur
2103 2267 2220 2336 nisi
2301 2293 2381 2337 ex
2402 2286 2512 2334 ³68

102 2377 362 2468 ling-uae
423 2382 674 2471 legibus
735 2404 854 2473 per
914 2406 987 2450 se
1046 2381 1357 2449 dilucidis.
1463 2379 1742 2446 Nomina
1800 2391 1873 2446 ut
1931 2380 1994 2445 in
2059 2392 2134 2449 st.
2180 2397 2379 2451 const.

95 2491 186 2583 (5.
228 2496 405 2583 335)
469 2498 689 2564 formis
744 2498 1112 2586 praeposita
1170 2496 1295 2563 sint
1350 2515 1469 2582 per
1525 2516 1596 2559 se
1638 2514 1905 2559 necesse
1947 2504 2062 2560 est.
2168 2496 2306 2564 Pro
2346 2518 2378 2578 ξ

91 2620 300 2676 autem
344 2606 572 2697 fem„
643 2612 791 2701 quia
852 2636 980 2679 non
1042 2611 1158 2678 nisi
1220 2611 1285 2675 in
1342 2609 1470 2673 fine
1527 2606 1720 2674 scribi
1763 2617 2013 2695 potest,
2073 2631 2154 2675 ex
2196 2608 2260 2699 5.
2290 2613 2401 2677 62·

91 2745 338 2813 semper
377 2755 445 2804 3,
500 2726 913 2793 scribendum
958 2735 1074 2792 est.
1188 2726 1283 2792 Ut
1326 2736 1342 2801 ς
1388 2732 1536 2811 post
1577 2721 1837 2809 longam
1894 2721 2176 2788 vocalem
2216 2725 2375 2790 fina-

93 2834 207 2904 lem
252 2862 333 2906 ex
379 2835 447 2928 §.
479 2839 569 2906 83
616 2840 924 2930 scriptum
967 2850 1115 2907 ante
1158 2838 1302 2905 suff.
1347 2837 1704 2915 omittatur,
1769 2845 1834 2902 et
1871 2856 1991 2923 pro
2037 2838 2182 2933 45:-
2216 2837 2373 2903 scri-

91 2950 286 3019 batur
318 2956 432 3027 ιζ.
470 2976 552 3020 ex
595 2952 864 3044 5.105,
929 2975 1059 3019 non
1109 2952 1194 3019 mi
1199 2974 1315 3017 nus
1360 2947 1806 3015 necessarium.
1897 2946 2032 3013 Sed
2076 2960 2223 3015 sunt
2266 2950 2370 3017 hic
2457 2987 2469 3001 ν

89 3063 432 3153 singularia
471 3067 793 3156 quaedam
837 3091 1007 3157 quae
1049 3090 1127 3134 ex
1169 3077 1393 3134 mutuo
1434 3063 1817 3153 syllabarum
1842 3085 2011 3131 nexu
2044 3066 2367 3140 oriuntur:

256 3230 337 3321 1)
384 3232 598 3301 suffixi
637 3235 660 3299 ‘i
700 3257 798 3325 pr.
847 3258 941 3324 ps.
983 3257 1085 3322 ες.
1138 3257 1284 3301 cum
1327 3233 1529 3301 vocali
1568 3255 1790 3300 vocem
1831 3232 2209 3302 terminante
2242 3234 2369 3325 col·
2389 3255 2498 3305 369

94 3340 218 3411 Esio
279 3345 436 3413 ferri
479 3349 701 3438 nequit
744 3347 847 3439 (5.
881 3348 1026 3436 93).
1126 3349 1217 3417 Et
1256 3350 1515 3417 brevem
1561 3345 1815 3437 quidem
1859 3347 2142 3414 vocalem
2185 3348 2370 3416 facile

92 3453 206 3525 hoc
261 3458 531 3550 longum
590 3462 620 3527 ἱ
674 3461 742 3528 ἱιι
797 3460 906 3530 tali
961 3482 1130 3528 nexu
1180 3460 1391 3551 pellit,
1457 3483 1583 3549 quo
1625 3462 1699 3528 fit
1738 3472 1810 3530 ut
1851 3462 2061 3530 omnia
2104 3484 2367 3529 casuum

92 3612 440 3690 discrimina
515 3622 816 3691 brevibus
880 3622 1201 3690 vocalibus
1261 3621 1400 3690 nisa
1458 3620 1789 3706 tollantur,
1862 3633 1935 3691 ut
1996 3606 2225 3725 ἐξ
2282 3645 2363 3689 ex

180 3887 248 3954 2)
283 3889 335 3942 ln
384 3890 591 3957 rythmo
642 3895 730 3948 fin.
769 3896 966 3949 vocalis
998 3896 1182 3948 ultima
1217 3910 1313 3964 per
1348 3910 1407 3947 se
1443 3894 1777 3963 producitur,
1828 3893 1984 3962 idque
2036 3896 2089 3946 in
2125 3891 2202 3945 llis
2238 3894 2355 3946 suff.

283 4028 586 4096 saepissime
640 4047 766 4085 usus
817 4033 951 4099 sert,
1015 4039 1296 4093 utmv.
1337 4024 1615 4089 &Ham
1652 4049 1704 4100 p.
1729 4033 1830 4095 72,
1866 4034 1940 4082 6-
1955 4034 2006 4121 8.
2060 4032 2183 4083 474.
2231 4034 2355 4083 527.

287 4183 415 4234 586.
450 4186 577 4234 797.
652 4183 773 4235 Sur.
814 4188 917 4250 69,
958 4188 1042 4236 19.
1083 4188 1173 4236 20.
1208 4188 1295 4237 25.
1333 4188 1423 4237 26.
1457 4187 1545 4236 28.
1580 4187 1669 4235 29.
1741 4184 1862 4236 Sac·
1898 4180 2003 4235 chr.
2042 4182 2107 4234 Τ.
2128 4185 2178 4233 3.
2218 4199 2268 4248 p.
2289 4183 2356 4231 71

296 4271 376 4323 ed.
415 4289 493 4340 pr.
586 4272 874 4327 Rarissime
924 4279 1133 4343 praeter
1182 4273 1441 4341 rythmum
1475 4276 1679 4327 finalem
1714 4273 1812 4327 hoc
1851 4290 1890 4323 a
1923 4272 2227 4340 producitur
2260 4270 2359 4321 Jo-

195 4436 215 4448 ‹
301 4376 391 4414 nes
427 4363 494 4415 de
531 4378 677 4430 pnes.
715 4379 788 4417 as.
827 4382 879 4431 p.
911 4369 1033 4416 155.
1073 4366 1193 4417 Sac.
1230 4364 1335 4418 chr.
1374 4366 1440 4416 Τ.
1471 4370 1522 4416 3.
1561 4384 1611 4432 p.
1641 4369 1728 4416 92.

1705 4469 1788 4533 16
