2675 4692
915 330 1034 401 De
1098 332 1483 403 vocalibus.
2225 341 2326 410 41

226 512 421 588 Quae
491 513 547 580 si
623 511 709 580 ad
774 511 1062 601 lingnam
1123 512 1446 581 arabicam
1503 514 1967 581 transferantur
1982 562 2001 593 ,
2082 511 2334 592 ceteris,
2375 544 2446 593 73

80 645 232 710 qnae
269 634 567 693 servatae
609 637 788 708 sunt,
852 626 1087 716 linguis
1130 626 1429 695 semiticis
1472 628 1761 695 omnibns
1806 650 1950 693 cam
1997 624 2327 695 fortiorem

83 737 495 827 unaquaeque
568 738 982 829 simplicitatis
1040 750 1107 809 et
1159 741 1540 828 granditatis
1615 762 1883 831 asperae
1943 739 2335 806 tenaciorem

84 847 532 939 dqffehendas.
634 852 805 919 Nam
862 855 946 920 ab
1000 877 1081 921 eo
1135 854 1315 936 inde,
1391 879 1519 944 quo
1563 854 1841 922 indolem
1877 853 1995 921 sibi
2040 852 2336 918 formam-

82 986 193 1050 que
229 965 623 1054 peculiarem
661 965 920 1048 sumsit,
964 977 1254 1057 tempore
1293 969 1544 1037 vocales
1581 968 1724 1036 illae
1764 978 1914 1035 octo
1959 965 2121 1034 mira
2161 985 2338 1031 man-

83 1088 291 1146 serunt
328 1079 705 1167 integritate
747 1090 814 1147 et
854 1081 1132 1169 puritate
1173 1104 1381 1169 neque
1421 1082 1487 1147 in
1529 1080 1794 1148 leviores
1834 1079 2124 1148 detritae.
2208 1079 2339 1146 Vo-

86 1192 217 1259 calis
281 1215 442 1259 vero
492 1197 541 1260 a
601 1193 767 1260 adeo
837 1191 981 1261 loco
1051 1199 1092 1261 ὁ
1167 1192 1515 1284 praevaluit
1531 1244 1551 1275 ,
1631 1203 1705 1262 ut
1759 1196 1859 1262 vel
1921 1194 2028 1261 ubi
2094 1193 2160 1260 in
2233 1215 2340 1259 ce-

83 1305 217 1373 tenis
284 1305 577 1375 dialectis
654 1310 696 1373 ὃ
768 1307 1041 1375 habetur
1102 1308 1312 1376 sensui
1371 1306 1620 1376 formae
1672 1308 2027 1398 originique
2083 1328 2343 1397 prorsus

87 1422 555 1502 convenienter,
642 1421 730 1486 ibi
798 1421 1046 1488 Arabes
1117 1421 1165 1487 cz
1232 1421 1600 1510 saepissime
1674 1421 2090 1533 substituant,
2174 1417 2343 1487 velut

88 1566 242 1657 ‹3¹5⁸›
277 1570 429 1661 ΑΒ,
487 1567 598 1642 0⁸3
650 1603 729 1647 ex
780 1558 1012 1671 ΙῚῆἲίὴῖ,
1069 1570 1225 1649 75³»
1275 1571 1451 1665 ¹¹15P·
1549 1583 1589 1648 e
1628 1604 1781 1649 vero
1828 1591 1896 1649 et
1935 1585 1976 1647 ὀ
2020 1578 2128 1647 ubi
2171 1588 2345 1645 cete-

87 1733 185 1779 rae
220 1714 465 1782 habent
506 1736 633 1780 non
675 1736 754 1781 ex
798 1708 1211 1801 diphthongis
1267 1708 1331 1803 §.
1368 1714 1490 1793 ⁷2,
1552 1713 1669 1781 sed
1713 1737 1792 1781 ex
1848 1720 1878 1768 ἔ
1927 1714 2009 1784 (1)
2058 1720 2112 1767 et
2163 1718 2192 1766 ὃ
2249 1710 2342 1779 (ὓ)

92 1873 458 1961 productas,
518 1873 824 1941 Arabes
804 1895 826 1937 1
867 1881 933 1939 et
972 1873 1017 1937 ὑ
1054 1873 1512 1959 pronunciant,
1560 1875 1732 1944 velut
1753 1879 1945 1960 >30⁸²
1964 1918 1987 1952 ,
2041 1815 2226 1972 ρξ’*
2269 1893 2350 1937 ex

22 2092 23 2105 ἢ
96 2028 238 2113 ἾῚ),
288 2012 465 2101 DHQ
514 2019 847 2109 (σοδομ),
888 2019 1007 2087 nisi
1047 2041 1127 2085 ex
1168 2022 1414 2088 ratione
1456 2022 1650 2090 modo
1694 2024 1865 2094 dicta
1906 2023 2156 2090 diversa
2204 2025 2244 2088 ὀ
2285 2022 2350 2086 in

95 2136 127 2201 a
159 2138 398 2206 transit.
482 2136 659 2202 Hinc
683 2136 929 2202 Arabes
969 2134 1033 2201 in
1073 2134 1328 2203 vocibus
1353 2139 1706 2225 peregrinis
1744 2139 1772 2202 ι’
1806 2150 1870 2209 et
1902 2163 1951 2204 τι
1993 2139 2085 2226 (v.
2114 2135 2198 2220 ά)
2231 2157 2349 2223 pro

94 2274 125 2314 e
167 2261 233 2317 et
292 2273 332 2314 o
392 2249 836 2339 pronunciant„
950 2248 1083 2314 Pro
1141 2246 1211 2330 ἐ,
1289 2277 1333 2336 η
1372 2255 1652 2320 occurrit
1691 2262 1757 2319 et
1798 2240 1814 2305 l
1860 2251 2199 2340 scriptum,
2281 2257 2354 2313 ut

22 2406 23 2409 =
93 2350 395 2450 ‹nagal-1⁵35
449 2366 794 2451 Taessvpeog.
904 2363 1115 2450 Atque
1166 2361 1265 2428 vel
1320 2363 1385 2429 in
1435 2364 1575 2452 ipsa
1634 2364 1979 2431 formarum
2022 2376 2088 2432 et
2124 2386 2352 2429 vocum

94 2478 477 2544 arabicarum
520 2475 759 2544 ditione
803 2498 996 2543 sonus
1037 2498 1151 2556 ae,
1194 2475 1234 2540 e'
1272 2476 1381 2565 qui
1422 2498 1503 2543 ex
1542 2479 1877 2566 antiquiori
1909 2482 2165 2566 linguae
2193 2477 2355 2542 facie

22 2624 23 2627 Ἴ
94 2636 399 2705 invocum
441 2636 569 2702 fine
612 2646 781 2718 erat,
821 2637 886 2703 in
919 2635 1252 2718 atransiit,
1295 2647 1369 2704 ut
1404 2593 1502 2714 (ἐξ
1534 2641 1627 2691 Σ
1673 2611 1842 2726 ’ἓὲζὶ
1880 2586 2360 2743 §13:22³gi

22 2790 25 2953 j
104 2826 174 2892 cf.
211 2824 278 2916 §.
304 2826 446 2895 105.
529 2822 929 3015 Seteroquin
971 2822 1355 2913 diphthongi
1395 2825 1513 2892 sibi
1558 2837 1886 2910 constant,
1929 2837 2002 2895 ut
2045 2770 2193 2931 (ἶς’,
2259 2771 2361 2918 331

22 2964 25 3025 μ
101 2963 179 3015 z
215 2946 353 3017 τήν
375 2993 398 3027 ,
452 2937 594 3037 θ’...

22 3070 25 3207 ᾗ
254 3094 486 3184 Neque
542 3104 760 3161 tamen
812 3091 880 3158 id
920 3115 1000 3160 eo
1040 3093 1240 3175 valet,
1297 3103 1371 3162 ut
1410 3095 1580 3162 hanc
1621 3096 1932 3164 vocalium
1974 3100 2355 3186 pronuncia·
2401 3117 2474 3165 74

22 3214 25 3267 v
107 3208 326 3274 tionem
382 3230 615 3297 puram
674 3207 1033 3296 sortemque
1089 3230 1211 3297 per
1267 3216 1470 3279 totam
1522 3208 1783 3295 linguae
1839 3212 2137 3278 arabicae
2179 3209 2365 3278 ditio-

106 3344 237 3389 nem
288 3344 675 3412 semperque
730 3342 849 3409 per
906 3321 1115 3388 omnia
1173 3319 1392 3388 secula
1447 3334 1761 3390 servatam
1809 3323 2005 3393 fuisse
2047 3335 2365 3413 putemus·

108 3434 228 3503 lmo
266 3460 428 3527 quas
472 3448 729 3504 ceterae
769 3433 1029 3522 linguae
1071 3434 1328 3501 arabica
1373 3456 1631 3523 qnoque
1671 3458 1866 3524 passa
1905 3450 2004 3506 est
2052 3439 2255 3518 vices,
2299 3449 2367 3505 at

113 3548 292 3617 minus
342 3549 632 3638 graviter
669 3559 735 3615 et
778 3558 1157 3614 constanter.
1244 3547 1378 3613 Per
1413 3548 1742 3637 ingentem
1783 3551 2085 3640 temporis
2103 3602 2122 3631 ,
2165 3561 2367 3618 terra-

114 3684 261 3746 rum,
330 3663 661 3731 hominum
719 3661 1087 3729 varietatem
1143 3663 1317 3728 varie
1378 3665 1837 3751 pronunciatae
1893 3674 2041 3731 sunt
2094 3660 2366 3737 vocales.

116 3778 329 3845 Arabos
392 3777 785 3845 recentiores
829 3789 1076 3846 tantum
1119 3798 1246 3842 non
1301 3798 1522 3845 omnes
1564 3777 1928 3845 molliorem
1956 3768 2394 3846 deteriorem-‘²

120 3914 219 3980 que
270 3905 615 3981 sequentes
673 3888 1135 3980 pronunciandi
1190 3890 1506 3957 rationem
1545 3914 1665 3982 pro
1708 3916 1791 3975 a,
1851 3893 1967 3959 nisi
2009 3911 2367 3979 consonans
2407 3930 2412 3939 ·

124 4007 412 4076 accedens
463 4007 750 4097 asperior
788 4006 1165 4094 spiransque
1208 3990 1769 4094 &ggblbuboeeg
1823 4017 1888 4072 et
1925 4005 2365 4093 plerumque)

126 4141 320 4189 tonum
368 4121 698 4189 fortiorem
736 4120 997 4199 retinet,
1042 4141 1079 4182 e
1122 4118 1576 4205 pronunciant,
1618 4119 1684 4186 in
1720 4118 1956 4211 syllaba
1977 4117 2368 4207 potissimum

129 4234 452 4324 composita
520 4235 803 4302 vocalem
864 4234 1358 4322 comprimente,
1437 4243 1504 4302 et
1556 4256 1674 4321 pro
1741 4238 1782 4301 a
1838 4255 2035 4321 saepe
2090 4233 2168 4309 ἐς
2247 4250 2367 4316 pro

130 4348 171 4411 ¹·
210 4354 268 4419 ὓ,
317 4353 402 4418 ²1·
447 4369 517 4406 ⁸¹⁸
544 4381 616 4393 -
653 4356 711 4419 ἕ,
746 4359 806 4419 ⁶,
850 4366 946 4418 ιο,
986 4357 1033 4403 ⁶·
1130 4345 1266 4416 Sed
1304 4347 1376 4415 id
1412 4370 1497 4416 ne
1527 4372 1710 4418 nunc
1751 4345 2009 4435 quidem
2043 4365 2166 4410 usu
2204 4340 2370 4407 valet
