2675 4692
916 281 1459 378 Prolegomena.
2233 304 2331 374 17

90 463 262 533 unda
294 460 633 532 videbatur
654 513 675 547 ‚
717 485 798 530 eo
839 463 1046 553 magis
1092 486 1235 533 eam
1265 474 1530 546 notare,
1572 461 1927 553 explicare,
1969 466 2171 556 signis
2214 469 2329 537 ad„

79 580 235 669 jectis
274 578 615 667 explanare
658 578 1091 647 necessarium
1131 588 1286 646 erat.

216 716 471 785 Deinde
526 717 885 805 perniciosa
947 717 1122 785 facta
1182 727 1282 784 est
1334 717 1616 785 Arabum
1676 738 1823 784 cum
1868 729 1969 789 tot
2010 721 2332 811 tantisque
2369 748 2443 797 25

40 885 45 889 .
89 831 303 919 populis
358 830 725 921 peregrinis
783 832 1143 898 commixtio
1198 830 1458 919 linguae
1514 852 1735 897 eorum
1786 832 2044 921 puritati
2081 847 2156 928 et
2200 836 2326 902 ele-

86 947 309 1034 gantiae
368 942 477 1035 (§
520 942 659 1032 10).
781 944 969 1019 Quae
1013 944 1190 1012 labes
1233 943 1537 1033 temporis
1579 966 1929 1033 progressu
1974 946 2138 1014 adeo
2185 975 2329 1018 suc-

89 1060 285 1140 crevit,
350 1072 427 1129 ut
481 1058 546 1125 in
616 1057 871 1125 urbium
927 1067 993 1124 et
1034 1056 1372 1145 regionum
1415 1057 1940 1142 cultissimarum‚
1999 1062 2062 1128 in
2104 1066 2330 1153 quibus

86 1174 443 1241 Islamismus
528 1173 838 1252 florebat,
928 1168 1284 1239 clarissimis
1362 1171 1716 1260 quibusque
1778 1171 1996 1263 lingua
2074 1180 2333 1246 arabica

91 1308 321 1374 pmrsus
382 1286 837 1375 degeneraret.
932 1287 1014 1352 At
1068 1285 1327 1372 linguae
1366 1286 1730 1352 Koranicae
1772 1288 2072 1356 sanctitas
2116 1303 2181 1358 et
2230 1316 2333 1359 ve-

90 1403 302 1469 neratio
360 1399 809 1488 superstitiosa
865 1398 1048 1466 simul
1104 1421 1300 1464 novas
1353 1421 1615 1486 semper
1656 1400 1825 1487 cepit
1862 1401 2058 1481 vires,
2113 1428 2192 1470 eo
2229 1428 2335 1472 us-

85 1536 188 1602 que
240 1516 611 1581 increscens
632 1565 653 1593 ,
720 1526 792 1581 ut
846 1511 1144 1580 doctores
1200 1510 1537 1577 Koranum
1580 1509 1807 1578 eodem
1851 1536 2109 1602 prorsus
2131 1570 2149 1599 ‚
2210 1543 2336 1611 quo

85 1626 206 1694 olim
262 1626 717 1708 Muhammed‚
781 1625 975 1695 modo
1031 1624 1254 1693 sedulo
1307 1625 1856 1714 pronunciandum
1913 1652 2056 1697 esse
2110 1654 2340 1720 posce-

83 1754 229 1823 rent,
292 1741 615 1830 legesque
680 1739 766 1806 de
821 1752 1000 1807 recta
1041 1739 1364 1807 literarum
1406 1740 1929 1831 pronunciatione
1966 1766 2340 1831 pausarum·

89 1877 192 1943 qne
248 1852 333 1923 ad
398 1877 628 1922 vocem
691 1850 1150 1927 declamantem
1212 1854 1380 1920 bene
1433 1852 1882 1924 modulandum
1921 1881 2042 1926 usu
2084 1860 2342 1929 subtiles

91 1970 569 2060 multiplicesque
624 1967 960 2036 sancirent.

222 2110 525 2197 Denique
565 2107 761 2175 totius
807 2104 1094 2172 culturae
1137 2102 1306 2192 apud
1350 2106 1591 2172 Arabes
1646 2119 1790 2194 post
1829 2108 2342 2178 Muhammedem
2384 2116 2456 2165 ²6

82 2220 463 2290 incrementis
518 2220 700 2288 laetis
756 2217 1185 2304 scientiaeque
1250 2217 1422 2308 apud
1477 2242 1588 2286 eos
1645 2220 1878 2308 origini
1937 2232 2002 2290 et
2044 2225 2188 2289 flori
2228 2224 2342 2290 lin-

85 2355 233 2422 guae
295 2335 607 2425 imprimis
663 2353 1022 2421 generosae
1077 2341 1144 2398 et
1200 2332 1522 2399 masculae
1593 2356 1771 2400 amor
1827 2335 2053 2421 ingens
2120 2351 2373 2426 poeta··

82 2469 329 2537 rumque
391 2448 835 2538 antiquorum,
901 2468 1061 2535 quos
1125 2444 1311 2537 juxta
1369 2447 1703 2512 Koranum
1761 2470 2039 2517 summos
2080 2450 2344 2539 linguae

84 2583 258 2648 purae
313 2563 665 2650 magistros
736 2570 802 2627 et
851 2560 1123 2626 arbitros
1182 2558 1632 2641 aestimabant,
1705 2561 1983 2629 studium
2038 2588 2190 2631 acre
2258 2564 2343 2632 ad

83 2676 549 2760 grammaticam
594 2671 1046 2762 explorandam
1089 2681 1157 2738 et
1198 2672 1632 2760 explicandam
1679 2676 1970 2743 accessit.
2089 2678 2261 2745 Hinc
2303 2703 2343 2745 a

83 2788 241 2874 primi
286 2787 441 2855 inde
501 2787 702 2853 seculi
742 2787 871 2852 fine
932 2785 1178 2851 fervere
1228 2787 1792 2873 grammaticorum
1841 2788 2088 2873 studia;
2159 2793 2347 2858 scho-

84 2896 166 2965 lae
198 2898 562 2985 Bacrenses
603 2900 906 2989 imprimis
950 2911 1016 2966 et
1047 2896 1365 2966 Oufenses
1406 2898 1854 2984 inclarescere3
1899 2914 1965 2969 et
2009 2914 2348 2993 postquam

16 3074 17 3083 ,
83 3012 380 3079 Helmlil
422 3027 487 3080 et
529 3012 889 3079 Sibawailz
927 3011 1094 3079 inter
1134 3011 1371 3100 primos
1417 3011 1792 3094 doctrinam,
1844 3037 2009 3103 quae
2049 3015 2114 3080 in
2156 3018 2348 3084 scho-

16 3134 17 3151 ¹
84 3122 141 3191 n
199 3127 343 3217 jam
410 3124 719 3216 disputari
786 3135 855 3193 et
931 3125 1191 3193 stabiliri
1245 3125 1493 3214 coepit,
1572 3127 2055 3214 grammaticam
2109 3129 2347 3218 scripto

16 3256 17 3269 ¹
85 3239 375 3307 mandare
434 3249 825 3328 coeperunt,
887 3237 1118 3327 ingens
1178 3251 1356 3307 ortus
1401 3251 1500 3308 est
1541 3240 2105 3329 grammaticorum
2146 3245 2348 3312 omnis

86 3355 331 3438 generis
373 3375 693 3419 numerus.
791 3351 909 3418 Alii
948 3351 1432 3440 grammaticam
1474 3350 1790 3439 integram
1839 3355 1935 3422 vel
1977 3368 2190 3446 partes
2233 3382 2350 3449 po-

16 3448 19 3549 ’ᾗ
90 3466 269 3533 tiores
331 3467 586 3555 scriptis
640 3465 955 3532 illustrare
993 3466 1430 3546 instituerunt,
1499 3488 1538 3531 e
1597 3465 1845 3533 Korani
1886 3471 2232 3559 praecipue
2287 3483 2353 3539 et

16 3750 17 3773 ,
90 3691 360 3761 bilientes
417 3704 485 3760 et
525 3693 871 3780 probantes
909 3690 1017 3779 ι);
1086 3692 1187 3758 alii
1230 3692 1315 3758 de
1353 3694 1600 3761 Korani
1654 3694 1983 3762 virtutibus
2023 3697 2153 3763 sive
2195 3697 2353 3763 vitiis

88 3594 406 3664 poetarum
454 3579 856 3666 antiquorum
906 3578 1179 3648 lectione
1237 3589 1306 3645 et
1362 3578 1740 3648 auctoritate
1794 3579 1973 3669 leges
2032 3606 2181 3649 suas
2220 3596 2351 3651 sta-

166 3881 227 3947 1)
289 3878 467 3932 horum
506 3897 641 3947 quae
677 3885 870 3953 scripta
907 3884 1047 3954 prius
1085 3886 1333 3954 lmpressa
1370 3887 1501 3951 sint,
1537 3900 1584 3938 v.
1621 3884 1673 3936 ln
1714 3865 2016 3935 Schnurrerl
2053 3879 2174 3931 bibl.
2213 3877 2353 3931 arab.

289 3972 406 4023 Hal.
430 3976 587 4025 1811.
650 3972 710 4024 Ιιι
734 3973 881 4026 India
901 3975 1107 4041 quidem
1128 3975 1381 4027 Orientali
1417 3975 1542 4025 satia
1578 3973 1740 4024 multa
1776 3970 1889 4037 ejus
1925 3969 2131 4036 generis
2164 3969 2358 4037 scripta

290 4060 552 4128 prodiere,
587 4069 650 4113 ut
683 4064 782 4117 An
814 4064 982 4145 entire
1018 4062 1132 4118 and
1164 4070 1366 4117 correct
1400 4061 1602 4113 edition
1636 4058 1711 4132 of
1736 4060 1828 4112 tlte
1848 4059 1938 4129 ,ἦν
1940 4076 1968 4109 e
2005 4062 2117 4110 Boo
2119 4059 2177 4109 ks
2216 4075 2359 4126 upon
2422 4084 2432 4095 =

290 4147 473 4201 «rabie
523 4153 889 4223 Gmmmnire,
974 4154 1044 4226 by
1101 4158 1155 4209 J.
1212 4154 1416 4208 Baillie
1464 4154 1738 4208 V.1-3.
1822 4152 2059 4204 Calcutta
2112 4151 2289 4201 1802·-
2303 4151 2357 4200 5.

300 4238 407 4291 The
455 4241 595 4294 mint
642 4242 802 4299 Ami!
834 4243 898 4317 by
939 4249 1016 4300 A.
1052 4246 1276 4300 Lockett
1323 4247 1466 4299 Cale.
1517 4248 1689 4310 1314,
1746 4240 1840 4296 sed
1888 4239 2068 4292 horum
2104 4251 2268 4305 pauca
2309 4225 2365 4286 in

298 4328 553 4404 Europam
584 4335 785 4404 perlata
826 4336 1096 4401 videntur,
1156 4354 1258 4404 ego
1293 4337 1490 4388 nullum
1537 4333 1655 4393 vidiP
1729 4334 1850 4390 Quo
1886 4329 2082 4395 majore
2112 4323 2363 4377 beneficio

1748 4429 1793 4505 2
