2675 4692
136 1264 243 1314 633

297 202 446 273 124
887 193 1002 262 De
1053 191 1433 285 participio
1484 201 1558 258 et
1607 189 1978 262 infinitivo.

291 373 343 438 ui
410 373 669 439 verbum
730 396 808 439 ex
870 370 967 436 his
1030 369 1424 437 transitivum
1480 369 1545 434 in
1599 369 1917 457 passivum
1966 371 2189 450 abeat,
2258 392 2299 435 e
2340 366 2409 459 §.
2442 369 2583 435 546

289 549 481 617 misso
542 550 902 617 accusativo
967 547 1230 614 verbum
1292 548 1535 616 finitum
1578 544 1787 614 statim
1824 547 2275 637 subjungitur,
2337 557 2412 612 ut
2444 564 2583 648 gff-

286 697 428 836 3933·
467 690 615 836 55}
667 752 960 818 auditus
1013 762 1117 815 est
1157 744 1366 816 ‘Amr
1405 748 1679 826 dicens,
1748 747 1844 814 vel
1888 749 2173 817 anditum
2216 759 2351 830 est,
2394 743 2578 815 ‘Am-

281 889 423 935 rum
467 865 683 933 dicere
728 864 877 931 Sao.
923 861 1057 929 chr.
1103 863 1187 930 Τ.
1218 862 1269 930 1.
1314 888 1375 954 p.
1404 862 1552 931 494.

796 1109 862 1175 2.
951 1103 1062 1172 De
1109 1104 1500 1196 participio
1541 1115 1608 1170 et
1658 1101 2036 1193 infinitivo.

444 1247 722 1316 Nomina
789 1246 955 1313 haec
1026 1243 1303 1311 verbalia
1385 1255 1702 1333 quatenus
1775 1244 2094 1311 nominum
2169 1244 2566 1332 reliquorum

275 1381 562 1428 normam
618 1360 931 1449 legesque
983 1368 1371 1448 sequuntur,
1431 1378 1627 1446 supra
1686 1357 1751 1424 in
1810 1356 2101 1427 doctu-ina
2157 1357 2241 1424 de
2285 1359 2565 1439 nomine

271 1474 566 1564 explicita
621 1486 805 1555 sunt3
873 1472 994 1541 sed
1042 1475 1169 1562 qua
1228 1471 1477 1540 ratione
1536 1468 1620 1538 ad
1680 1472 1874 1538 verba
1931 1471 2195 1562 propius
2237 1470 2563 1539 accedant

273 1610 440 1676 eque
483 1589 822 1654 verborum
863 1585 1079 1654 indole
1141 1607 1295 1653 usus
1357 1605 1581 1652 eorum
1626 1582 1940 1674 pendeat,
2022 1586 2129 1653 hic
2193 1584 2556 1654 distinctius

272 1700 721 1789 exponendum
765 1711 883 1769 est.

357 1825 364 1830 ’
441 1813 924 1902 Participium
993 1835 1331 1901 personam
1386 1814 1483 1882 vel
1536 1836 1672 1882 rem
1716 1814 1927 1904 ponit,
2002 1812 2105 1879 cui
2153 1811 2329 1878 verbi
2376 1813 2552 1880 notio

267 1928 428 1997 insit.
517 1928 664 2003 Qua
707 1949 784 1993 ex
828 1926 1086 1994 notione
1130 1939 1196 1996 et
1237 1928 1296 1995 vi
1338 1927 1570 2019 duplex
1613 1938 1950 2017 promanat
1989 1926 2127 2017 ejus
2174 1948 2325 1994 usus
2362 1949 2553 2016 prae·-

266 2041 507 2130 cipuus.
593 2039 761 2107 Nam
806 2051 916 2109 aut
962 2040 1167 2109 brevis
1203 2041 1295 2109 ita
1344 2041 1676 2131 participio
1714 2040 1973 2130 ponitur
2014 2039 2341 2109 denotatio
2380 2063 2553 2128 per-

141 2153 146 2156 ’
264 2177 469 2219 sonae
526 2153 779 2241 agentis
824 2154 918 2221 vel
961 2153 1294 2244 patientis,
1360 2154 1462 2223 cui
1504 2155 1556 2221 si
1603 2154 1753 2220 velis
1798 2154 2062 2219 verbum
2100 2140 2351 2222 finitum
2397 2176 2547 2222 cum

265 2270 636 2358 pronomine
673 2265 931 2335 relativo
975 2266 1361 2347 substituas,
1419 2277 1491 2335 ut
1531 2290 1754 2355 agens
1815 2268 1854 2333 i.
1896 2289 1957 2355 q.
2000 2267 2124 2355 qui
2162 2267 2370 2355 agit3
2436 2282 2549 2336 ant

262 2382 659 2470 participium
704 2379 858 2447 data
900 2380 1096 2467 opera
1140 2379 1421 2466 eligitur,
1452 2392 1524 2448 ut
1563 2389 1833 2443 statum
1877 2380 2130 2468 agentis
2167 2380 2548 2446 durantem

262 2496 606 2562 describat.
690 2490 1061 2562 Praedicati
1103 2491 1269 2558 enim
1316 2493 1458 2559 loco
1502 2494 1775 2584 positum
1821 2517 1860 2559 a
1903 2493 2096 2559 verbo
2132 2493 2314 2586 finito
2343 2494 2545 2562 actio-

261 2609 354 2675 nis
399 2608 918 2676 exercitationem
962 2606 1373 2675 describente
1414 2629 1530 2699 per
1578 2631 1652 2675 se
1692 2608 1784 2676 ita
1826 2606 2077 2688 differt,
2117 2618 2190 2676 ut
2221 2607 2543 2676 actionem

260 2735 438 2789 certo
508 2720 787 2810 quodam
854 2721 1160 2810 temporis
1224 2722 1430 2811 spatio
1492 2723 1683 2789 fixam
1702 2770 1727 2799 ,
1802 2719 2141 2789 durantem
2204 2736 2539 2811 proponat.

261 2836 432 2902 Hinc
489 2834 886 2925 participium
941 2834 1005 2900 in
1055 2832 1286 2922 linguis
1329 2835 1633 2904 semiticis
1681 2832 2036 2923 praedicati
2080 2834 2220 2901 vice
2261 2836 2537 2924 positum

147 2993 152 2998 -
260 2949 560 3038 temporis
611 2957 818 3038 paene
876 2948 1054 3014 verbi
1109 2947 1447 3039 peculiaris
1492 2948 1615 3014 vim
1679 2946 1846 3014 hanc
1900 2944 2139 3026 induit,
2207 2959 2282 3016 ut
2338 2948 2536 3016 actio·

111 3477 220 3526 634

260 3088 405 3131 nem
469 3063 801 3132 durantem
866 3084 980 3129 seu
1036 3075 1441 3153 praesentem
1496 3061 1805 3152 depingat
1860 3059 2035 3128 vario
2096 3083 2235 3128 usu.
2343 3060 2551 3164 Quod.

257 3174 427 3243 idem
485 3185 799 3265 quatenus
866 3176 928 3243 in
989 3177 1306 3245 arabismo
1375 3175 1700 3256 obtineat,
1757 3173 1893 3264 jam
1949 3173 2154 3262 primo
2212 3173 2363 3241 loco
2406 3197 2534 3262 age

261 3291 460 3358 fusius
505 3290 1031 3359 demonstremus.

427 3448 483 3513 1.
542 3445 958 3534 Participium
1025 3450 1201 3516 verbi
1262 3447 1403 3515 viee
1466 3444 1551 3512 ad
1618 3455 1852 3515 statum
1921 3443 2409 3535 depingendum
2470 3449 2531 3515 in

257 3558 575 3625 arabismo
632 3557 834 3627 rarius
877 3571 977 3629 est
1032 3582 1223 3650 quam
1265 3561 1331 3627 in
1378 3557 1738 3625 hebraismo
1780 3545 2108 3647 multoque
2148 3559 2360 3627 minus
2408 3559 2530 3626 fre-

258 3695 458 3763 quens
508 3695 698 3761 quam
756 3674 821 3740 in
870 3674 1282 3757 aramaism03
1332 3664 1689 3763 imperfecti
1730 3673 1897 3740 enim
1940 3695 2093 3740 usus
2135 3671 2201 3737 in
2248 3672 2349 3739 his
2392 3693 2531 3738 ma·

256 3789 421 3855 xime
459 3786 749 3868 invaluit,
792 3786 876 3853 cf.
916 3783 981 3876 §.
1005 3786 1136 3856 2⁰6
1177 3811 1314 3878 sqq.
1403 3787 1550 3854 Nec
1578 3785 1989 3876 ‘participium
2038 3785 2213 3854 verbi
2244 3783 2391 3853 loco
2433 3795 2533 3851 est

255 3904 371 3971 nisi
415 3924 453 3968 e
497 3900 754 3990 legibus
802 3898 1007 3967 hisce:

423 4015 499 4099 1)
558 4015 633 4082 In
681 4012 1124 4082 enunciatione
1180 4036 1295 4104 per
1353 4037 1427 4081 se
1481 4026 1692 4084 stante
1759 4011 2157 4104 participium
2177 4008 2527 4146 §actiqnetn

253 4173 502 4260 longius
547 4171 881 4239 durantem
924 4194 1216 4261 nuncque
1265 4186 1741 4261 permanentem
1786 4174 1984 4254 sistit,
2046 4184 2119 4242 ut
2176 4158 2309 4263 5³ss
2365 4126 2522 4227 «³⁵:⁵²
