2675 4692
815 204 932 276 De
975 206 1648 302 praepositionibus.
2267 221 2364 301 59

100 391 389 456 mittere
403 435 425 466 ‚
508 389 658 477 quia
716 410 797 458 ex
853 410 979 458 usu
1031 387 1351 478 legatum
1401 387 1685 455 mittere
1700 434 1719 467 ,
1779 387 2112 479 delegare
2167 400 2365 470 notat,

100 525 359 593 semper
396 525 544 570 cum
584 524 652 576 ⁴-.-’
692 502 824 583 rei,
883 523 1181 590 quaeum
1215 500 1469 587 legatus
1506 501 1821 583 mittatur,
1866 501 2018 591 jure
2056 503 2368 572 construi-

105 627 237 684 tur.
319 614 534 682 Altera
573 636 768 682 causa
808 614 873 680 in
918 615 1114 694 nove,
1160 635 1352 702 quam
1394 614 1658 681 verbum
1697 615 1827 682 hoc
1865 613 2017 681 illud
2046 614 2369 696 adsciscit,

106 728 577 817 significatione
652 725 953 795 translata
1019 726 1139 794 sita
1190 736 1328 808 est;
1403 725 1493 794 ita
1553 726 1719 795 enim
1784 729 2046 797 verbum
2101 728 2369 798 libenter
2495 816 2514 823 ·

104 933 341 979 novam
381 910 497 980 init
531 910 818 980 struendi
859 912 1168 980 rationem
1232 907 1684 980 dilucidiorem.
1789 913 1894 982 Ita
1933 844 2075 967 {Gk}
2111 915 2369 1004 proprie

105 1023 264 1088 luto
320 1023 626 1101 struxit,
697 1024 753 1093 si
810 1023 1243 1114 metaphorice
1296 1032 1479 1092 notat
1537 1024 1805 1093 elevare
1846 1050 2024 1110 rem,
2081 1028 2369 1096 absolute

105 1207 400 1296 ponitur,
455 1218 530 1277 ut
558 1192 779 1323 *[Ῡὲκρ
808 1197 945 1264 ἕω
985 1220 1505 1277 monumentum
1567 1210 1924 1278 exstruxit
1965 1208 2183 1299 famei
2238 1213 2372 1280 sud

108 1366 153 1431 i.
190 1387 247 1433 e.
312 1365 549 1435 famam
615 1393 799 1438 suam
842 1369 1082 1438 extulit.
1189 1369 1280 1439 Et
1320 1361 1460 1459 εὖ,
1502 1370 1835 1459 deponere
1876 1370 1931 1437 si
1975 1381 2155 1440 notat
2192 1372 2372 1439 nobi-

106 1478 238 1546 lem
280 1479 596 1569 quendam
637 1483 1059 1563 detrectare,
1115 1493 1504 1551 contemtum
1552 1483 1798 1564 facere,
1837 1483 2371 1573 praepositionem

127 1607 165 1639 0

109 1669 211 1769 Cr:
249 1668 552 1753 assumit,
618 1691 784 1758 quae
823 1669 1142 1736 notionem
1182 1667 1351 1736 hane
1389 1667 1832 1735 diminuendi
1871 1667 2188 1747 laudem,
2249 1669 2372 1736 cle—

112 1800 473 1869 trectandi
517 1801 795 1891 apertius
839 1798 1029 1868 dicat.

286 1993 588 2074 Summa,
661 2013 830 2081 quae
887 1991 954 2059 in
1017 1988 1553 2081 praepositionum
1609 2010 1731 2057 usu
1795 1988 1998 2072 valet,
2067 1996 2373 2064 sermonis
2410 2025 2514 2077 571

113 2104 392 2174 brevitas
454 2105 711 2173 concisa
761 2105 829 2172 in
880 2127 960 2171 eo
1015 2104 1285 2171 maxime
1326 2103 1747 2192 conspicitur,
1808 2103 1984 2191 quod
2023 2108 2218 2175 verba
2258 2130 2377 2198 per

110 2242 191 2287 se
234 2230 476 2287 motum
518 2240 646 2285 non
689 2215 1112 2305 significantia
1152 2238 1299 2283 cum
1342 2218 1917 2306 praepositionibus
1957 2220 2250 2287 movendi
2286 2223 2375 2291 ita

100 2330 299 2423 jungi
356 2342 657 2421 possunt,
726 2341 799 2398 ut
855 2326 1148 2397 movendi
1204 2331 1377 2399 notio
1435 2353 1597 2399 nova
1653 2354 1734 2398 ex
1777 2328 1874 2399 his
1918 2334 2034 2402 toti
2077 2338 2377 2405 enuncia-

113 2519 275 2589 tioni
316 2517 603 2588 accedat.
686 2517 788 2585 Ita
818 2459 929 2601 ³ng
909 2502 1055 2652 513
1096 2517 1297 2584 stetit
1339 2516 1417 2582 in
1463 2539 1624 2583 eum
1659 2517 1705 2584 i.
1745 2538 1804 2585 e.
1845 2541 2119 2609 surgens
2162 2545 2379 2593 versus

116 2701 270 2747 eum
313 2677 642 2769 processit.
753 2676 902 2753 Qua
951 2677 1017 2742 in
1056 2698 1131 2744 re
1174 2674 1368 2744 multa
1409 2675 1613 2766 poetis
1654 2678 2028 2766 praesertim
2070 2683 2379 2751 audacius

114 2888 159 2934 e
205 2860 446 2933 recenti
486 2863 746 2953 linguae
789 2862 1040 2930 fervore
1091 2860 1372 2954 quodam
1419 2862 1756 2949 dicuntur,
1812 2878 1884 2935 ut
1921 2811 2127 2961 55⁰5}
2172 2855 2244 2925 Lo
2290 2813 2381 2960 ἑ,

112 3011 325 3161 .ζὲξὲ
373 3025 421 3123 {2
463 3024 535 3122 l:-
588 3026 661 3204 ἐξ
710 3069 917 3149 mitte
972 3091 1148 3158 quae
1202 3066 1421 3135 dubia
1485 3067 1619 3135 tibi
1669 3082 1912 3136 creant
1969 3070 2076 3160 (te
2118 3095 2380 3141 conver-

110 3187 299 3317 tens)
344 3227 442 3294 ad
482 3251 567 3295 ea
610 3250 790 3318 quae
831 3250 968 3293 non
1011 3236 1275 3292 creant.

283 3372 595 3440 Ceterum
667 3367 1053 3436 locutionem
1127 3365 1450 3456 quandam
1512 3364 1842 3454 vulgarem
1916 3363 2129 3455 plures
2200 3371 2382 3457 sequi

113 3493 392 3575 possunt
447 3481 664 3549 colore
700 3493 949 3551 tantum
988 3480 1241 3549 diverso
1282 3479 1655 3563 distinctae,
1713 3501 1788 3547 re
1827 3479 1966 3570 ipsa
2004 3481 2383 3567 simillimae3

445 3613 504 3645 ,υ
520 3601 575 3645 02

108 3672 204 3742 ita
250 3692 399 3739 cum
443 3658 573 3763 *μ’
598 3669 835 3761 jussit
874 3691 1031 3734 eam
1071 3690 1219 3736 cum
1268 3687 1335 3744 ⁴-.-·
1385 3667 1478 3735 rei
1521 3667 1736 3735 dicere
1789 3689 1928 3735 mos
1972 3667 2136 3739 serat
2183 3673 2383 3740 conti-

111 3877 285 3927 nuus
327 3854 432 3946 (S.
450 3854 655 3942 588),
717 3854 999 3925 similiter
1041 3796 1199 3941 *λζ
1230 3785 1394 3943 Ι-ῑιᾶἷξ
1414 3855 1655 3923 innuit
1695 3858 1800 3931 ei,
1853 3855 1896 3922 i.
1939 3878 1997 3924 e.
2038 3869 2198 3926 nutu
2236 3880 2385 3927 eum

687 4000 847 4064 ‘²³0

106 4064 338 4157 jussit,
397 4074 467 4132 et
509 4003 620 4149 ⁸33⁸
674 4049 840 4161 font?
875 4057 1268 4149 praevertit
1324 4080 1398 4125 se
1462 4059 1559 4124 ad
1614 4082 1768 4126 eum
1824 4060 1865 4127 i.
1911 4081 1969 4128 e.
2002 4063 2386 4151 praecepit,

114 4222 457 4316 imperavit
498 4224 565 4291 ei
607 4246 753 4292 cum
800 4242 867 4295 ⁴-.-·
906 4222 1000 4290 rei
1032 4221 1409 4311 junguntur.
