2675 4692
834 318 1068 394 verb}
1115 325 1393 419 stirpes.
2102 338 2253 420 109

38 505 326 574 maida
366 527 479 588 se,
523 526 601 573 ex
643 500 708 597 §.
737 505 864 573 126
904 515 1136 594 patet.-
1182 503 1401 593 thue
1440 504 1505 570 in
1546 502 1835 572 radicum
1877 506 2255 577 formatione

39 620 207 688 literae
243 619 404 687 n—r-l
450 641 833 688 concurrere
872 628 1200 708 nequeunt
1236 615 1339 707 (ξ.
1374 612 1560 705 150),
1596 618 1686 689 ita
1727 620 1919 686 verba
1961 644 2002 687 a
2022 681 2072 735 Α
2114 646 2171 689 v.
2215 640 2254 717 Δ

35 736 344 824 incipientia
387 744 467 803 st.
503 734 642 801 VII.
687 733 962 815 evitant,
1018 755 1165 800 cum
1203 744 1280 801 st.
1317 732 1493 800 VIII.
1534 735 1594 801 ei
1638 733 1824 801 facile
1862 735 2065 824 possit
2103 736 2254 804 sub·

35 848 163 917 situi
197 847 261 939 §-
291 849 437 916 179.
484 847 627 913 180.

157 1016 398 1081 Omnes
454 1013 618 1081 intra
673 1008 789 1077 has
850 1007 1079 1098 stirpes
1122 1006 1431 1077 vocalium
1479 1006 1842 1079 vicissitudo
1884 1034 2121 1103 magna
2160 1022 2260 1084 est
2277 1033 2381 1085 1oe

35 1142 80 1195 et
121 1126 615 1195 constantissima
669 1123 756 1192 ad
814 1126 1136 1192 notionem
1192 1125 1368 1190 verbi
1417 1125 1696 1212 passivi
1750 1127 2261 1215 exprimendam3

37 1262 142 1306 nam
169 1240 556 1308 intransitiva
596 1238 770 1304 notio
813 1260 939 1304 non
976 1238 1094 1305 nisi
1134 1237 1198 1304 in
1240 1239 1442 1326 stirpe
1464 1237 1515 1305 I.
1561 1235 1966 1326 distinguitur
2005 1251 2077 1308 ut
2107 1264 2260 1330 pro-

35 1353 162 1419 xima
218 1362 284 1420 et
349 1350 832 1439 significationis
886 1351 1257 1435 latissimae,
1327 1352 1432 1419 cui
1479 1347 1809 1442 oppositae
1850 1365 2105 1422 ceterae
2151 1366 2262 1424 aut

33 1487 124 1555 per
155 1491 224 1533 se
254 1466 394 1557 jam
422 1465 887 1533 -intransitivae
930 1476 1078 1533 sunt
1127 1466 1398 1534 notionis
1441 1478 1553 1534 aut
1601 1465 1951 1535 distinctius
1993 1467 2258 1536 activae.

33 1578 435 1667 Formantque
454 1559 702 1668 'stirpes
744 1600 964 1645 omnes
999 1579 1312 1667 passivam
1351 1579 1941 1669 pronunciationem
1984 1586 2110 1648 una
2150 1605 2263 1650 ea·-

35 1690 268 1782 demqne
317 1693 606 1774 ratione,
685 1691 882 1760 modo
954 1692 1207 1783 passivo
1274 1714 1466 1761 sensu
1534 1693 1661 1761 dici
1725 1706 1975 1784 queant.
2092 1696 2262 1764 Nam

38 1818 254 1895 praeter
300 1805 554 1894 singula
597 1796 824 1889 verba,
886 1829 1052 1896 quae
1087 1806 1334 1898 passivo
1371 1830 1560 1876 sensu
1606 1832 1643 1875 e
1679 1808 1936 1875 notione
1978 1812 2095 1876 suti
2135 1809 2262 1877 dici

35 1930 346 2007 nequeunt,
404 1931 481 1988 st.
513 1920 629 1988 IX.
671 1920 982 2008 X1.·quia
1027 1921 1483 1990 intransitivum
1531 1942 1783 2008 semper
1832 1921 2072 1992 habent
2116 1944 2261 1992 seu-

37 2054 177 2112 mm,
211 2033 460 2121 passiva
505 2044 573 2100 et
613 2032 871 2101 notione
913 2045 977 2102 et
1010 2033 1532 2122 pronunciatione
1564 2043 1740 2101 totae
1782 2046 2019 2105 carent.
2103 2038 2264 2106 Stir-

39 2168 125 2231 pes
171 2169 312 2213 vero
370 2146 715 2213 reflexivae
775 2146 983 2215 rarius
1034 2156 1292 2216 tantum'
1328 2146 1618 2237 passivae
1660 2147 1799 2213 fieri
1846 2160 2143 2236 possunt,
2209 2152 2263 2218 si

37 2346 172 2411 quae
205 2326 365 2396 sorte
411 2349 535 2394 vox
581 2326 907 2396 notionem
954 2327 1194 2418 adepta
1231 2328 1315 2398 sit
1356 2325 1545 2395 activi
1581 2349 1839 2410 sensus,
1883 2339 1956 2395 ut
2010 2271 2268 2391 «νὼε-ῑῖ

39 2496 88 2550 α
121 2484 498 2553 dissensum
539 2499 647 2552 est
692 2488 837 2568 Sur.
865 2488 993 2570 41,
1038 2490 1125 2557 45
1166 2512 1206 2556 a
1244 2473 1482 2546 ‘Ab->l
1518 2485 1852 2555 dissentire
1905 2509 2003 2577 pr.
2058 2487 2265 2557 diver-

447 2609 583 2641 a),

39 2682 148 2728 m
199 2686 376 2744 esse,
441 2660 578 2770 „393
634 2679 952 2735 mortuas
1020 2666 1184 2755 (deo
1233 2664 1544 2753 traditus)
1598 2677 1704 2733 est
1759 2688 1837 2733 ex
1888 2684 2017 2756 ἐμ
2079 2669 2267 2739 morti

23 2866 253 2967 *vadere
296 2873 448 2940 Sur.
478 2871 587 2952 47,
629 2871 753 2954 27;
822 2814 1049 2975 0:3⁴⁶!
1051 2869 1431 2960 probatum
1479 2885 1583 2940 est
1628 2895 1707 2939 ex
1763 2863 1954 2932 ml
1999 2874 2142 2940 niti
2170 2897 2265 2956 re,

23 3018 26 3073 ἑ
45 2997 285 3080 Probare
355 3025 498 3070 rem
554 3004 764 3070 Henz.
811 3003 887 3070 fr.
941 3028 1003 3094 p.
1041 3004 1146 3071 40.
1274 3003 1427 3093 Ipse
1470 3014 1683 3073 autem
1725 3004 1952 3093 passivi
1999 3028 2152 3072 usus
2200 3005 2265 3073 iu

23 3113 309 3184 :mbismo
355 3116 558 3185 multo
617 3126 717 3184 est
775 3138 961 3205 quam
1011 3116 1075 3181 in
1137 3116 1497 3186 hebraismo
1542 3117 1859 3207 vulgatior
1916 3129 1982 3186 et
2024 3119 2265 3203 tritior3

53 3240 152 3292 uam
190 3243 487 3299 neutrum
511 3246 514 3249 ’
536 3229 931 3320 passivorum
972 3228 1338 3318 saepissime
1381 3231 1470 3298 ita
1508 3229 1879 3311 adhibetur,
1935 3241 2009 3299 ut
2040 3254 2265 3321 perso-

60 3399 136 3449 ne
177 3391 428 3476 agentis
471 3389 713 3458 mentio
760 3389 1058 3471 evitetur,
1102 3388 1271 3457 velut
1310 3379 1429 3492 ..δέ
1464 3388 1768 3466 dicitur,
1825 3389 2095 3458 dicunt.

23 3644 24 3663 ἶ
163 3571 412 3642 Vocalis
456 3584 671 3642 autem
721 3596 837 3663 per
878 3598 950 3642 se
992 3534 1277 3665 proxima
1319 3584 1419 3642 est
1455 3596 1537 3654 a,
1582 3597 1748 3662 quae
1787 3596 2150 3665 quanquam
2199 3574 2263 3641 in
2286 3598 2390 3651 189

23 3700 26 3781 ζ
57 3683 284 3754 mnibus
323 3689 629 3778 stirpibus
662 3687 780 3757 sibi
817 3699 1100 3768 constat,
1155 3686 1414 3753 activis
1448 3696 1661 3753 tamen
1702 3687 2100 3776 potissimum
2150 3686 2262 3754 de-

23 3788 24 3793 *
62 3797 292 3867 mundis
331 3801 607 3869 inservit.
691 3802 946 3891 Estque
996 3824 1075 3870 ea
1122 3800 1186 3866 in
1237 3798 1530 3866 omnibus
1586 3799 1843 3889 quidem
1881 3799 2268 3868 radicalibus

23 3914 26 3929 '-
71 3920 104 3938 ν
114 3929 133 3942 .

23 3957 174 4049 jffi,
222 3968 445 4059 >3553
504 3980 621 4049 sed
697 3981 955 4050 ultimae
1010 3979 1302 4050 radicalis
1360 4000 1404 4044 a
1465 3979 1645 4047 simul
1706 4001 1787 4047 ex
1845 3979 2022 4047 verbi
2074 3978 2268 4047 modo

67 4086 244 4161 Pendet
279 4089 344 4182 §.
372 4095 539 4177 2203
595 4096 865 4184 primam
903 4096 1164 4185 insignit
1201 4092 1458 4183 quidem
1495 4117 1578 4175 a,
1643 4115 1854 4182 neque
1894 4104 2105 4160 tamen
2153 4094 2267 4162 nisi

70 4192 139 4258 'fi
178 4223 249 4267 ea
288 4208 484 4275 vocali
541 4207 834 4298 praedita
895 4223 994 4279 est
1050 4209 1319 4301 §.1553
1391 4220 1459 4277 at
1498 4208 1837 4276 secundae
1874 4208 2131 4296 propria
2170 4219 2269 4276 est

73 4314 116 4367 ἕ
145 4330 410 4389 comus
462 4347 503 4389 ez
552 4322 680 4389 boc
725 4322 927 4399 activi.
