2675 4692
235 738 307 787 23

362 299 454 377 16
638 250 643 255 ’
1212 291 1758 388 Prolegomena.‘

354 496 580 544 eorum
639 474 906 542 maxime
945 475 1027 543 sit
1065 494 1185 563 pro
1224 474 1408 542 variis
1455 473 1677 541 scribis
1718 464 2080 542 inconstans
2120 484 2187 541 et
2231 475 2314 540 ab
2353 473 2627 543 arbitrio

351 590 687 680 plurimum
729 585 1022 676 pendeat.

456 798 467 807 ,
517 727 673 796 Hoc
712 738 925 793 antem
959 726 1098 815 ipso
1116 774 1135 807 ‚
1205 725 1379 816 quod
1422 723 1779 794 necessario
1823 733 2037 791 ortum
2079 735 2204 805 est,
2264 724 2469 812 signis
2520 747 2632 792 ex-

248 840 258 850 ’
347 840 544 909 ternis
600 840 978 929 scripturam
1032 850 1346 906 vetustam
1402 836 1766 928 perficiendi
1813 814 2086 925 ‘negotio
2127 837 2319 905 studii
2355 839 2635 926 linguae

347 954 650 1021 arabicae
717 951 1184 1042 grammatici
1242 951 1417 1018 initia
1473 963 1538 1019 et
1591 951 1795 1040 prima
1852 950 2115 1018 stamina
2172 950 2362 1019 ducta
2416 964 2634 1019 erant.

347 1069 517 1135 Nam
579 1091 724 1168 cum
793 1068 1074 1154 linguam
1131 1064 1377 1132 Korani
1432 1075 1716 1132 sanctam
1769 1065 2254 1152 peregrinorum
2307 1062 2391 1130 ad
2457 1065 2633 1131 Isla-

294 1180 301 1187 ’
346 1180 641 1246 mismum
699 1176 1074 1245 adactorum
1140 1201 1254 1244 ore
1319 1179 1592 1244 barbaro
1634 1178 1923 1267 interque
1961 1178 2131 1266 ipsos
2172 1179 2415 1245 Arabes
2469 1200 2632 1244 cum

346 1293 636 1361 barbaris
692 1293 920 1359 mixtos
962 1291 1235 1379 pessime
1279 1305 1346 1359 et
1383 1291 1512 1379 legi
1560 1303 1629 1358 et
1671 1291 2072 1379 pronunciari
2116 1302 2308 1381 atque
2347 1292 2634 1380 intelligi

264 1412 273 1419 ’
344 1408 664 1485 viderent,
757 1428 908 1473 mox
980 1403 1211 1492 primas
1281 1404 1736 1492 grammaticae
1809 1405 1988 1493 leges
2060 1404 2134 1471 iis
2208 1403 2632 1492 explicandas

258 1560 276 1570 -
344 1522 712 1609 scriptoque
748 1515 1143 1584 mandandas
1186 1539 1329 1583 esse
1373 1518 1807 1607 intelligebant
1843 1518 1934 1604 .¹).
2016 1521 2223 1606 Atque
2263 1518 2351 1585 ita
2388 1539 2634 1604 gram·

224 2114 296 2165 24

341 1634 555 1700 matici
605 1633 769 1699 inter
827 1632 1069 1698 Arabes
1125 1629 1315 1697 studii
1372 1630 1545 1698 initi'a
1587 1632 1738 1698 satis
1779 1641 1927 1698 sunt
1962 1644 2209 1699 matura
2251 1641 2318 1698 et
2359 1646 2629 1719 aperta.

332 1745 480 1812 sed
542 1768 689 1812 mox
765 1743 889 1811 alia
949 1765 1283 1811 accessere
1345 1767 1513 1832 quae
1575 1746 2033 1835 grammaticae
2105 1743 2381 1812 studium
2439 1748 2632 1816 inter

339 1861 512 1947 ipsos
570 1859 814 1925 Arabes
870 1856 1139 1922 maxime
1197 1868 1264 1926 et
1303 1857 1604 1948 juvarent
1672 1871 1739 1927 et
1791 1858 2193 1926 sollicitarent
2245 1871 2441 1948 atque
2503 1884 2632 1930 ne—

314 1956 683 2039 'cessarinm
717 1967 1082 2036 redderent.

503 2108 810 2176 Proxima
868 2129 1065 2173 cansa
1116 2105 1180 2172 in
1236 2107 1376 2196 ipso
1431 2107 1722 2175 Korano·
1757 2110 1894 2177 sita.
2027 2109 2193 2175 Nam
2234 2110 2494 2177 Korani
2553 2126 2632 2180 et

336 2242 546 2289 sermo
603 2233 670 2290 et
722 2222 1039 2310 scriptura
1091 2218 1285 2287 multa
1344 2221 1538 2291 habet
1585 2223 1928 2310 singularia
1981 2233 2047 2290 et
2088 2223 2264 2290 mira.
2368 2223 2627 2291 Sermo

337 2344 435 2400 est
475 2334 779 2422 abruptus
802 2384 822 2416 ,
888 2333 1195 2417 difficilis,
1249 2337 1500 2425 saepius
1547 2357 1770 2424 asper,
1829 2335 2042 2401 formis
2083 2334 2301 2423 plenus
2340 2334 2630 2402 rariori-

334 2446 486 2526 bus,
551 2447 802 2513 omnino
866 2446 920 2514 is
983 2449 1091 2537 qui
1131 2450 1369 2515 bonnm
1406 2440 1818 2537 interpretem
1858 2459 1924 2515 et
1964 2457 2218 2514 cantum
2261 2444 2630 2516 desideret.

334 2558 671 2646 Scriptura
731 2579 920 2640 vero,
994 2572 1217 2651 utpote
1274 2584 1437 2650 qnae
1486 2561 1840 2649 prophetae
1893 2572 2104 2627 aetate
2156 2560 2319 2627 inter
2358 2560 2627 2627 Korai-

294 2670 569 2737 ·schitas
622 2690 784 2737 nova
837 2682 1010 2740 esset
1065 2694 1416 2764 parumque
1458 2676 1657 2757 culta,
1698 2676 1888 2764 paulo
1929 2674 2229 2761 ambigua
2269 2683 2336 2741 et
2373 2671 2629 2740 incon-

335 2780 505 2864 dita,
576 2783 813 2851 formas
854 2807 1298 2875 nonnunquam
1339 2787 1610 2854 miscens
1656 2786 1967 2868 diversas,
2021 2808 2190 2875 quae
2234 2806 2632 2893 quanquam

306 2896 428 2987 =vel
499 2896 610 2962 ubi
668 2900 924 2965 aberrat
978 2920 1104 2964 non
1160 2900 1402 2987 absque
1461 2902 1628 2967 omni
1685 2900 1837 2988 lege
1911 2912 1976 2967 et
2031 2905 2252 2966 cansa
2313 2899 2626 2983 aberrat,

329 3030 369 3075 a
441 3011 801 3100 scripturae
883 3020 1096 3079 tamen
1200 3012 1530 3101 perfectae
1608 3036 1830 3080 norma
1907 3013 2241 3103 plurimum
2323 3013 2627 3084 recedit.

329 3122 517 3196 Quae
574 3124 889 3212 scriptura
941 3133 1280 3215 postquam
1332 3147 1481 3193 cum
1540 3127 1808 3195 Korano
1863 3148 1980 3216 per
2038 3139 2240 3195 totam
2293 3128 2630 3197 Arabiam

329 3235 702 3323 pervulgata
749 3247 919 3315 etat,
977 3237 1183 3304 multis
1226 3237 1384 3304 mira
1426 3238 1622 3305 videri
1659 3250 1943 3329 poterat,
2011 3252 2085 3310 nt
2123 3241 2331 3331 plnres
2385 3241 2455 3306 in
2525 3266 2634 3311 ea

332 3348 705 3435 explicanda
747 3372 1011 3438 operam
1050 3352 1453 3441 studiumque
1491 3351 1874 3421 collocarent
1924 3353 2138 3421 utilem
2183 3353 2300 3442 ²)..
2386 3356 2632 3426 Oum-

329 3450 455 3549 qne
510 3462 577 3526 in
630 3462 756 3530 vita
826 3464 1071 3552 vulgari
1145 3467 1462 3555 scriptura
1533 3466 1854 3554 paullatim
1929 3469 2350 3549 constantior,
2443 3493 2632 3558 per-

329 3572 560 3639 fectior
617 3584 687 3641 et
745 3573 1075 3643 dilucidior
1126 3579 1342 3659 fieret,
1410 3578 1656 3646 Korani
1697 3602 1865 3668 qnae
1907 3593 2046 3648 erat
2084 3582 2395 3670 scriptura
2437 3584 2634 3653 sim-

323 3686 548 3773 plicior
608 3698 674 3753 et
731 3689 982 3755 brevior
1048 3691 1249 3758 serius
1316 3694 1401 3758 ob
1455 3693 1595 3759 libri
1653 3693 1891 3783 antiqui
1932 3697 2400 3765 venerationem
2441 3699 2630 3766 reli-

322 3800 509 3888 giose
549 3812 801 3868 servata
843 3815 960 3870 est.
1058 3805 1243 3880 Quae
1284 3806 1634 3895 scripturae
1673 3809 1835 3883 ratio
1878 3833 2006 3899 qno
2050 3810 2406 3898 religiosius
2450 3834 2630 3880 ser-

418 4036 482 4104 1)
533 4035 657 4089 haec
693 4044 1056 4105 grammaticae
1091 4044 1236 4098 initia
1267 4052 1553 4099 monstrant
1590 4049 1912 4115 traditiones,
1964 4052 2015 4103 in
2050 4052 2208 4105 mem.
2248 4054 2281 4105 l.
2318 4068 2363 4105 c.
2403 4070 2453 4122 p.
2479 4058 2632 4113 324

531 4145 606 4194 sq.
643 4133 766 4182 339.

406 4234 471 4302 2)
518 4236 800 4303 prudenter
849 4239 1123 4295 admodum
1172 4241 1239 4294 de
1302 4258 1367 4295 eo
1420 4243 1622 4310 judicat
1691 4218 2084 4304 Iba-Khaldud
2137 4250 2371 4323 (chrest.
2427 4256 2501 4308 T.
2543 4261 2624 4311 2.

530 4345 581 4395 p.
625 4331 766 4379 122-
787 4333 951 4403 124),
1012 4334 1426 4402 superstitionem
1461 4337 1677 4390 aliorum
1711 4338 1966 4394 retenens.
