<?xml version="1.0" encoding="UTF-8"?>
<!DOCTYPE html PUBLIC "-//W3C//DTD XHTML 1.0 Transitional//EN"
    "http://www.w3.org/TR/xhtml1/DTD/xhtml1-transitional.dtd">
<html xmlns="http://www.w3.org/1999/xhtml" xml:lang="en" lang="en">
 <head>
  <title>
</title>
<meta http-equiv="Content-Type" content="text/html;charset=utf-8" />
  <meta name='ocr-system' content='tesseract 3.04.00' />
  <meta name='ocr-capabilities' content='ocr_page ocr_carea ocr_par ocr_line ocrx_word'/>
</head>
<body>
  <div class='ocr_page' id='page_1' title='image "./geohenriciaugew00ewalgoog_0757.png"; bbox 0 0 2675 4692; ppageno 0'>
   <div class='ocr_carea' id='block_1_1' title="bbox 638 203 2328 302">
    <p class='ocr_par' dir='ltr' id='par_1_1' title="bbox 638 203 2328 302">
     <span class='ocr_line' id='line_1_1' title="bbox 638 203 2328 302; baseline 0.007 -30"><span class='ocrx_word' id='word_1_1' title='bbox 638 203 894 278; x_wconf 81' lang='lat' dir='ltr'><strong>Brevis</strong></span> <span class='ocrx_word' id='word_1_2' title='bbox 939 216 1345 277; x_wconf 86' lang='lat' dir='ltr'><strong>metrorum</strong></span> <span class='ocrx_word' id='word_1_3' title='bbox 1399 204 1747 276; x_wconf 85' lang='lat' dir='ltr'><strong>doctrina.</strong></span> <span class='ocrx_word' id='word_1_4' title='bbox 2174 222 2328 302; x_wconf 80' lang='lat'><strong>329</strong></span> 
     </span>
    </p>
   </div>
   <div class='ocr_carea' id='block_1_2' title="bbox 51 378 2330 661">
    <p class='ocr_par' dir='ltr' id='par_1_2' title="bbox 51 378 2330 661">
     <span class='ocr_line' id='line_1_2' title="bbox 54 378 2330 463; baseline -0.001 -17"><span class='ocrx_word' id='word_1_5' title='bbox 54 400 257 462; x_wconf 85' lang='lat' dir='ltr'><strong>potest,</strong></span> <span class='ocrx_word' id='word_1_6' title='bbox 300 394 635 463; x_wconf 86' lang='lat' dir='ltr'><strong>plerumque,</strong></span> <span class='ocrx_word' id='word_1_7' title='bbox 679 405 749 443; x_wconf 90' lang='lat' dir='ltr'><strong>ue</strong></span> <span class='ocrx_word' id='word_1_8' title='bbox 783 391 933 443; x_wconf 87' lang='lat' dir='ltr'><strong>nimis</strong></span> <span class='ocrx_word' id='word_1_9' title='bbox 969 390 1246 460; x_wconf 84' lang='lat' dir='ltr'><strong>posteriori</strong></span> <span class='ocrx_word' id='word_1_10' title='bbox 1282 388 1545 441; x_wconf 85' lang='lat' dir='ltr'><strong>dissimilis</strong></span> <span class='ocrx_word' id='word_1_11' title='bbox 1577 390 1699 455; x_wconf 85' lang='lat' dir='ltr'><strong>fiat,</strong></span> <span class='ocrx_word' id='word_1_12' title='bbox 1742 388 1950 443; x_wconf 86' lang='lat' dir='ltr'><strong>easdem</strong></span> <span class='ocrx_word' id='word_1_13' title='bbox 1984 378 2207 456; x_wconf 72' lang='lat' dir='ltr'><strong>syllabas</strong></span> <span class='ocrx_word' id='word_1_14' title='bbox 2242 407 2330 444; x_wconf 82' lang='lat' dir='ltr'><strong>re·-</strong></span> 
     </span>
     <span class='ocr_line' id='line_1_3' title="bbox 51 488 2328 560; baseline 0 -15"><span class='ocrx_word' id='word_1_15' title='bbox 51 491 242 558; x_wconf 83' lang='lat' dir='ltr'><strong>trahit‚</strong></span> <span class='ocrx_word' id='word_1_16' title='bbox 295 498 356 544; x_wconf 90' lang='lat' dir='ltr'><strong>ut</strong></span> <span class='ocrx_word' id='word_1_17' title='bbox 401 498 608 557; x_wconf 84' lang='lat' dir='ltr'><strong>tamen,</strong></span> <span class='ocrx_word' id='word_1_18' title='bbox 672 492 813 559; x_wconf 92' lang='lat' dir='ltr'><strong>quod</strong></span> <span class='ocrx_word' id='word_1_19' title='bbox 862 498 1067 560; x_wconf 87' lang='lat' dir='ltr'><strong>praeter</strong></span> <span class='ocrx_word' id='word_1_20' title='bbox 1118 488 1412 559; x_wconf 77' lang='lat' dir='ltr'><strong>rhythmum</strong></span> <span class='ocrx_word' id='word_1_21' title='bbox 1459 490 1664 544; x_wconf 79' lang='lat' dir='ltr'><strong>finalem</strong></span> <span class='ocrx_word' id='word_1_22' title='bbox 1711 490 1869 558; x_wconf 83' lang='lat' dir='ltr'><strong>longe</strong></span> <span class='ocrx_word' id='word_1_23' title='bbox 1913 491 2114 559; x_wconf 81' lang='lat' dir='ltr'><strong>gratius</strong></span> <span class='ocrx_word' id='word_1_24' title='bbox 2161 499 2328 559; x_wconf 79' lang='lat' dir='ltr'><strong>sonat,</strong></span> 
     </span>
     <span class='ocr_line' id='line_1_4' title="bbox 52 593 925 661; baseline 0.001 -17"><span class='ocrx_word' id='word_1_25' title='bbox 52 606 260 661; x_wconf 83' lang='lat' dir='ltr'><strong>semper</strong></span> <span class='ocrx_word' id='word_1_26' title='bbox 293 593 345 644; x_wconf 92' lang='lat' dir='ltr'><strong>in</strong></span> <span class='ocrx_word' id='word_1_27' title='bbox 380 598 716 661; x_wconf 72' lang='lat' dir='ltr'><strong>anapaestum</strong></span> <span class='ocrx_word' id='word_1_28' title='bbox 756 597 925 645; x_wconf 84' lang='lat' dir='ltr'><strong>exeat·</strong></span> 
     </span>
    </p>
   </div>
   <div class='ocr_carea' id='block_1_3' title="bbox 52 753 2469 1118">
    <p class='ocr_par' dir='ltr' id='par_1_3' title="bbox 52 753 2469 1118">
     <span class='ocr_line' id='line_1_5' title="bbox 197 753 2469 907; baseline 0.001 -42"><span class='ocrx_word' id='word_1_29' title='bbox 197 809 263 879; x_wconf 76' lang='lat'><strong>4)</strong></span> <span class='ocrx_word' id='word_1_30' title='bbox 303 753 423 907; x_wconf 54' lang='lat' dir='ltr'><strong>:ib</strong></span> <span class='ocrx_word' id='word_1_31' title='bbox 470 809 825 880; x_wconf 67' lang='lat' dir='ltr'><strong>(exuberans)</strong></span> <span class='ocrx_word' id='word_1_32' title='bbox 875 813 1015 865; x_wconf 82' lang='lat' dir='ltr'><strong>tertii</strong></span> <span class='ocrx_word' id='word_1_33' title='bbox 1050 809 1202 878; x_wconf 73' lang='lat' dir='ltr'><strong>hujus</strong></span> <span class='ocrx_word' id='word_1_34' title='bbox 1236 811 1550 864; x_wconf 77' lang='lat' dir='ltr'><strong>contrarium</strong></span> <span class='ocrx_word' id='word_1_35' title='bbox 1583 814 1694 863; x_wconf 81' lang='lat' dir='ltr'><strong>est:</strong></span> <span class='ocrx_word' id='word_1_36' title='bbox 1742 828 1778 861; x_wconf 79' lang='lat' dir='ltr'><strong><em>v</em></strong></span> <span class='ocrx_word' id='word_1_37' title='bbox 1799 773 2075 878; x_wconf 50' lang='lat' dir='ltr'><strong>Lffiss,</strong></span> <span class='ocrx_word' id='word_1_38' title='bbox 2111 826 2331 879; x_wconf 79' lang='lat' dir='ltr'><strong>cumque</strong></span> <span class='ocrx_word' id='word_1_39' title='bbox 2363 816 2469 867; x_wconf 73' lang='lat' dir='ltr'><strong>wa</strong></span> 
     </span>
     <span class='ocr_line' id='line_1_6' title="bbox 54 949 2330 1019; baseline -0 -16"><span class='ocrx_word' id='word_1_40' title='bbox 54 950 210 1019; x_wconf 76' lang='lat' dir='ltr'><strong>longa</strong></span> <span class='ocrx_word' id='word_1_41' title='bbox 257 952 411 1004; x_wconf 88' lang='lat' dir='ltr'><strong>tertia</strong></span> <span class='ocrx_word' id='word_1_42' title='bbox 460 952 513 1004; x_wconf 89' lang='lat' dir='ltr'><strong>in</strong></span> <span class='ocrx_word' id='word_1_43' title='bbox 561 951 747 1002; x_wconf 83' lang='lat' dir='ltr'><strong>breves</strong></span> <span class='ocrx_word' id='word_1_44' title='bbox 795 951 924 1002; x_wconf 88' lang='lat' dir='ltr'><strong>duas</strong></span> <span class='ocrx_word' id='word_1_45' title='bbox 974 950 1387 1017; x_wconf 83' lang='lat' dir='ltr'><strong>frequentissime</strong></span> <span class='ocrx_word' id='word_1_46' title='bbox 1435 950 1691 1014; x_wconf 79' lang='lat' dir='ltr'><strong>solvatur,</strong></span> <span class='ocrx_word' id='word_1_47' title='bbox 1746 949 1911 1000; x_wconf 86' lang='lat' dir='ltr'><strong>oritur</strong></span> <span class='ocrx_word' id='word_1_48' title='bbox 1945 964 2038 1017; x_wconf 87' lang='lat' dir='ltr'><strong>pes</strong></span> <span class='ocrx_word' id='word_1_49' title='bbox 2069 949 2160 1003; x_wconf 88' lang='lat' dir='ltr'><strong>illo</strong></span> <span class='ocrx_word' id='word_1_50' title='bbox 2197 950 2330 1002; x_wconf 81' lang='lat' dir='ltr'><strong>cita-</strong></span> 
     </span>
     <span class='ocr_line' id='line_1_7' title="bbox 52 1046 2329 1118; baseline -0.001 -15"><span class='ocrx_word' id='word_1_51' title='bbox 52 1051 153 1103; x_wconf 87' lang='lat' dir='ltr'><strong>tior</strong></span> <span class='ocrx_word' id='word_1_52' title='bbox 199 1052 357 1103; x_wconf 89' lang='lat' dir='ltr'><strong>etiam</strong></span> <span class='ocrx_word' id='word_1_53' title='bbox 408 1056 461 1102; x_wconf 93' lang='lat' dir='ltr'><strong>et</strong></span> <span class='ocrx_word' id='word_1_54' title='bbox 508 1050 943 1118; x_wconf 78' lang='lat' dir='ltr'><strong>praecipitantior.</strong></span> <span class='ocrx_word' id='word_1_55' title='bbox 1031 1051 1207 1106; x_wconf 80' lang='lat' dir='ltr'><strong>Quare</strong></span> <span class='ocrx_word' id='word_1_56' title='bbox 1257 1064 1377 1103; x_wconf 89' lang='lat' dir='ltr'><strong>cum</strong></span> <span class='ocrx_word' id='word_1_57' title='bbox 1430 1048 1718 1101; x_wconf 85' lang='lat' dir='ltr'><strong>trimetrum</strong></span> <span class='ocrx_word' id='word_1_58' title='bbox 1765 1048 1948 1100; x_wconf 69' lang='lat' dir='ltr'><strong>eadem</strong></span> <span class='ocrx_word' id='word_1_59' title='bbox 2001 1046 2142 1100; x_wconf 84' lang='lat' dir='ltr'><strong>vocis</strong></span> <span class='ocrx_word' id='word_1_60' title='bbox 2176 1064 2329 1117; x_wconf 86' lang='lat' dir='ltr'><strong>prae-</strong></span> 
     </span>
    </p>
   </div>
   <div class='ocr_carea' id='block_1_4' title="bbox 55 1146 2330 1217">
    <p class='ocr_par' dir='ltr' id='par_1_4' title="bbox 55 1146 2330 1217">
     <span class='ocr_line' id='line_1_8' title="bbox 55 1146 2330 1217; baseline 0 -16"><span class='ocrx_word' id='word_1_61' title='bbox 55 1149 319 1217; x_wconf 74' lang='lat' dir='ltr'><strong>cipitantia</strong></span> <span class='ocrx_word' id='word_1_62' title='bbox 357 1149 656 1201; x_wconf 87' lang='lat' dir='ltr'><strong>continuare</strong></span> <span class='ocrx_word' id='word_1_63' title='bbox 693 1148 1029 1216; x_wconf 85' lang='lat' dir='ltr'><strong>incongruum</strong></span> <span class='ocrx_word' id='word_1_64' title='bbox 1063 1151 1232 1202; x_wconf 81' lang='lat' dir='ltr'><strong>visum</strong></span> <span class='ocrx_word' id='word_1_65' title='bbox 1267 1149 1362 1212; x_wconf 87' lang='lat' dir='ltr'><strong>sit,</strong></span> <span class='ocrx_word' id='word_1_66' title='bbox 1410 1148 1594 1201; x_wconf 86' lang='lat' dir='ltr'><strong>tertius</strong></span> <span class='ocrx_word' id='word_1_67' title='bbox 1630 1162 1724 1216; x_wconf 88' lang='lat' dir='ltr'><strong>pes</strong></span> <span class='ocrx_word' id='word_1_68' title='bbox 1758 1162 1965 1216; x_wconf 88' lang='lat' dir='ltr'><strong>semper</strong></span> <span class='ocrx_word' id='word_1_69' title='bbox 1999 1146 2330 1201; x_wconf 85' lang='lat' dir='ltr'><strong>catalecticus</strong></span> 
     </span>
    </p>
   </div>
   <div class='ocr_carea' id='block_1_5' title="bbox 55 1234 2330 1335">
    <p class='ocr_par' dir='ltr' id='par_1_5' title="bbox 55 1234 2330 1335">
     <span class='ocr_line' id='line_1_9' title="bbox 55 1234 2330 1335; baseline 0 -18"><span class='ocrx_word' id='word_1_70' title='bbox 55 1268 133 1317; x_wconf 86' lang='lat' dir='ltr'><strong>est</strong></span> <span class='ocrx_word' id='word_1_71' title='bbox 167 1234 411 1331; x_wconf 70' lang='lat' dir='ltr'><strong>v-—&#39;--⁸-‚</strong></span> <span class='ocrx_word' id='word_1_72' title='bbox 463 1282 567 1333; x_wconf 89' lang='lat' dir='ltr'><strong>quo</strong></span> <span class='ocrx_word' id='word_1_73' title='bbox 603 1282 813 1334; x_wconf 82' lang='lat' dir='ltr'><strong>gressus</strong></span> <span class='ocrx_word' id='word_1_74' title='bbox 860 1267 1088 1335; x_wconf 84' lang='lat' dir='ltr'><strong>priorum</strong></span> <span class='ocrx_word' id='word_1_75' title='bbox 1123 1267 1328 1319; x_wconf 88' lang='lat' dir='ltr'><strong>citatior</strong></span> <span class='ocrx_word' id='word_1_76' title='bbox 1364 1266 1498 1318; x_wconf 89' lang='lat' dir='ltr'><strong>bene</strong></span> <span class='ocrx_word' id='word_1_77' title='bbox 1532 1264 1803 1318; x_wconf 85' lang='lat' dir='ltr'><strong>inhibetur.</strong></span> <span class='ocrx_word' id='word_1_78' title='bbox 1897 1264 2012 1318; x_wconf 87' lang='lat' dir='ltr'><strong>Nec</strong></span> <span class='ocrx_word' id='word_1_79' title='bbox 2047 1263 2330 1331; x_wconf 84' lang='lat' dir='ltr'><strong>antiquitus</strong></span> 
     </span>
    </p>
   </div>
   <div class='ocr_carea' id='block_1_6' title="bbox 53 1363 2332 1929">
    <p class='ocr_par' dir='ltr' id='par_1_6' title="bbox 53 1363 2332 1929">
     <span class='ocr_line' id='line_1_10' title="bbox 55 1363 2332 1431; baseline -0 -14"><span class='ocrx_word' id='word_1_80' title='bbox 55 1366 105 1417; x_wconf 90' lang='lat' dir='ltr'><strong>in</strong></span> <span class='ocrx_word' id='word_1_81' title='bbox 140 1380 239 1416; x_wconf 87' lang='lat' dir='ltr'><strong>usu</strong></span> <span class='ocrx_word' id='word_1_82' title='bbox 290 1371 372 1416; x_wconf 88' lang='lat' dir='ltr'><strong>est</strong></span> <span class='ocrx_word' id='word_1_83' title='bbox 418 1365 517 1417; x_wconf 89' lang='lat' dir='ltr'><strong>nisi</strong></span> <span class='ocrx_word' id='word_1_84' title='bbox 568 1365 807 1418; x_wconf 79' lang='lat' dir='ltr'><strong>trimeter</strong></span> <span class='ocrx_word' id='word_1_85' title='bbox 850 1365 933 1418; x_wconf 91' lang='lat' dir='ltr'><strong>hic</strong></span> <span class='ocrx_word' id='word_1_86' title='bbox 987 1365 1337 1417; x_wconf 72' lang='lat' dir='ltr'><strong>catalecticus</strong></span> <span class='ocrx_word' id='word_1_87' title='bbox 1353 1399 1367 1423; x_wconf 90' lang='lat'>,</span> <span class='ocrx_word' id='word_1_88' title='bbox 1420 1366 1569 1431; x_wconf 80' lang='lat' dir='ltr'><strong>isque</strong></span> <span class='ocrx_word' id='word_1_89' title='bbox 1619 1366 1757 1417; x_wconf 88' lang='lat' dir='ltr'><strong>inter</strong></span> <span class='ocrx_word' id='word_1_90' title='bbox 1803 1363 2240 1430; x_wconf 83' lang='lat' dir='ltr'><strong>frequentissimos</strong></span> <span class='ocrx_word' id='word_1_91' title='bbox 2276 1369 2332 1416; x_wconf 87' lang='lat' dir='ltr'><strong>et</strong></span> 
     </span>
     <span class='ocr_line' id='line_1_11' title="bbox 55 1462 2329 1530; baseline 0 -16"><span class='ocrx_word' id='word_1_92' title='bbox 55 1463 278 1515; x_wconf 80' lang='lat' dir='ltr'><strong>maxime</strong></span> <span class='ocrx_word' id='word_1_93' title='bbox 312 1464 591 1516; x_wconf 87' lang='lat' dir='ltr'><strong>adamatos.</strong></span> <span class='ocrx_word' id='word_1_94' title='bbox 677 1462 921 1513; x_wconf 83' lang='lat' dir='ltr'><strong>Dimeter</strong></span> <span class='ocrx_word' id='word_1_95' title='bbox 970 1464 1174 1530; x_wconf 83' lang='lat' dir='ltr'><strong>integer</strong></span> <span class='ocrx_word' id='word_1_96' title='bbox 1208 1464 1488 1517; x_wconf 72' lang='lat' dir='ltr'><strong>acrioribus</strong></span> <span class='ocrx_word' id='word_1_97' title='bbox 1525 1463 1829 1530; x_wconf 88' lang='lat' dir='ltr'><strong>quibusdam</strong></span> <span class='ocrx_word' id='word_1_98' title='bbox 1864 1464 1918 1514; x_wconf 91' lang='lat' dir='ltr'><strong>in</strong></span> <span class='ocrx_word' id='word_1_99' title='bbox 1958 1463 2178 1515; x_wconf 84' lang='lat' dir='ltr'><strong>breviori</strong></span> <span class='ocrx_word' id='word_1_100' title='bbox 2213 1477 2329 1515; x_wconf 86' lang='lat' dir='ltr'><strong>car-</strong></span> 
     </span>
     <span class='ocr_line' id='line_1_12' title="bbox 54 1559 2330 1631; baseline 0 -17"><span class='ocrx_word' id='word_1_101' title='bbox 54 1564 189 1614; x_wconf 85' lang='lat' dir='ltr'><strong>mine</strong></span> <span class='ocrx_word' id='word_1_102' title='bbox 223 1569 444 1615; x_wconf 81' lang='lat' dir='ltr'><strong>novatus</strong></span> <span class='ocrx_word' id='word_1_103' title='bbox 480 1568 590 1628; x_wconf 84' lang='lat' dir='ltr'><strong>est,</strong></span> <span class='ocrx_word' id='word_1_104' title='bbox 643 1567 704 1613; x_wconf 89' lang='lat' dir='ltr'><strong>ut</strong></span> <span class='ocrx_word' id='word_1_105' title='bbox 738 1562 791 1614; x_wconf 89' lang='lat' dir='ltr'><strong>in</strong></span> <span class='ocrx_word' id='word_1_106' title='bbox 827 1559 1064 1626; x_wconf 80' lang='lat' dir='ltr'><strong>rhythmo</strong></span> <span class='ocrx_word' id='word_1_107' title='bbox 1099 1564 1185 1615; x_wconf 88' lang='lat' dir='ltr'><strong>fin.</strong></span> <span class='ocrx_word' id='word_1_108' title='bbox 1234 1568 1323 1613; x_wconf 87' lang='lat' dir='ltr'><strong>aut</strong></span> <span class='ocrx_word' id='word_1_109' title='bbox 1361 1569 1669 1630; x_wconf 72' lang='lat' dir='ltr'><strong>anapaestus</strong></span> <span class='ocrx_word' id='word_1_110' title='bbox 1703 1577 1890 1630; x_wconf 86' lang='lat' dir='ltr'><strong>purus,</strong></span> <span class='ocrx_word' id='word_1_111' title='bbox 1944 1569 2035 1616; x_wconf 87' lang='lat' dir='ltr'><strong>aut</strong></span> <span class='ocrx_word' id='word_1_112' title='bbox 2069 1561 2330 1631; x_wconf 86' lang='lat' dir='ltr'><strong>spondeus</strong></span> 
     </span>
     <span class='ocr_line' id='line_1_13' title="bbox 56 1659 2329 1729; baseline 0.002 -18"><span class='ocrx_word' id='word_1_113' title='bbox 56 1668 386 1728; x_wconf 81' lang='lat' dir='ltr'><strong>propagetur.</strong></span> <span class='ocrx_word' id='word_1_114' title='bbox 424 1686 496 1703; x_wconf 92' lang='lat'>-</span> <span class='ocrx_word' id='word_1_115' title='bbox 567 1660 812 1712; x_wconf 90' lang='lat' dir='ltr'><strong>Ceterum</strong></span> <span class='ocrx_word' id='word_1_116' title='bbox 866 1661 1068 1713; x_wconf 90' lang='lat' dir='ltr'><strong>metrici</strong></span> <span class='ocrx_word' id='word_1_117' title='bbox 1121 1659 1241 1712; x_wconf 86' lang='lat' dir='ltr'><strong>huic</strong></span> <span class='ocrx_word' id='word_1_118' title='bbox 1291 1675 1499 1727; x_wconf 90' lang='lat' dir='ltr'><strong>quoque</strong></span> <span class='ocrx_word' id='word_1_119' title='bbox 1555 1661 1677 1729; x_wconf 92' lang='lat' dir='ltr'><strong>pedi</strong></span> <span class='ocrx_word' id='word_1_120' title='bbox 1725 1660 2010 1729; x_wconf 74' lang='lat' dir='ltr'><strong>simplicem</strong></span> <span class='ocrx_word' id='word_1_121' title='bbox 2045 1661 2329 1728; x_wconf 86' lang='lat' dir='ltr'><strong>dijambum</strong></span> 
     </span>
     <span class='ocr_line' id='line_1_14' title="bbox 54 1757 2331 1828; baseline 0.002 -18"><span class='ocrx_word' id='word_1_122' title='bbox 54 1758 296 1810; x_wconf 82' lang='lat' dir='ltr'><strong>substitui</strong></span> <span class='ocrx_word' id='word_1_123' title='bbox 334 1775 485 1826; x_wconf 88' lang='lat' dir='ltr'><strong>posse</strong></span> <span class='ocrx_word' id='word_1_124' title='bbox 521 1764 705 1827; x_wconf 88' lang='lat' dir='ltr'><strong>putant</strong></span> <span class='ocrx_word' id='word_1_125' title='bbox 741 1758 833 1828; x_wconf 82' lang='lat'><strong>1),</strong></span> <span class='ocrx_word' id='word_1_126' title='bbox 870 1759 937 1812; x_wconf 91' lang='lat' dir='ltr'><strong>de</strong></span> <span class='ocrx_word' id='word_1_127' title='bbox 975 1775 1079 1827; x_wconf 88' lang='lat' dir='ltr'><strong>quo</strong></span> <span class='ocrx_word' id='word_1_128' title='bbox 1113 1759 1249 1812; x_wconf 89' lang='lat' dir='ltr'><strong>idem</strong></span> <span class='ocrx_word' id='word_1_129' title='bbox 1280 1760 1420 1811; x_wconf 82' lang='lat' dir='ltr'><strong>valet</strong></span> <span class='ocrx_word' id='word_1_130' title='bbox 1451 1760 1591 1826; x_wconf 86' lang='lat' dir='ltr'><strong>quod</strong></span> <span class='ocrx_word' id='word_1_131' title='bbox 1628 1760 1781 1813; x_wconf 90' lang='lat' dir='ltr'><strong>modo</strong></span> <span class='ocrx_word' id='word_1_132' title='bbox 1819 1759 1884 1812; x_wconf 91' lang='lat' dir='ltr'><strong>de</strong></span> <span class='ocrx_word' id='word_1_133' title='bbox 1897 1757 2115 1812; x_wconf 76' lang='lat' dir='ltr'><strong>Kdmilo</strong></span> <span class='ocrx_word' id='word_1_134' title='bbox 2136 1760 2331 1814; x_wconf 82' lang='lat' dir='ltr'><strong>dictum</strong></span> 
     </span>
     <span class='ocr_line' id='line_1_15' title="bbox 53 1857 1670 1929; baseline 0 -18"><span class='ocrx_word' id='word_1_135' title='bbox 53 1862 148 1911; x_wconf 72' lang='lat' dir='ltr'><strong>est.</strong></span> <span class='ocrx_word' id='word_1_136' title='bbox 231 1857 496 1926; x_wconf 81' lang='lat' dir='ltr'><strong>Exempla</strong></span> <span class='ocrx_word' id='word_1_137' title='bbox 532 1874 564 1910; x_wconf 92' lang='lat' dir='ltr'><strong>e</strong></span> <span class='ocrx_word' id='word_1_138' title='bbox 601 1858 747 1911; x_wconf 86' lang='lat' dir='ltr'><strong>bonis</strong></span> <span class='ocrx_word' id='word_1_139' title='bbox 784 1859 953 1928; x_wconf 86' lang='lat' dir='ltr'><strong>poetis</strong></span> <span class='ocrx_word' id='word_1_140' title='bbox 987 1865 1131 1912; x_wconf 87' lang='lat' dir='ltr'><strong>certa</strong></span> <span class='ocrx_word' id='word_1_141' title='bbox 1165 1874 1376 1929; x_wconf 84' lang='lat' dir='ltr'><strong>prorsus</strong></span> <span class='ocrx_word' id='word_1_142' title='bbox 1414 1858 1670 1912; x_wconf 87' lang='lat' dir='ltr'><strong>desidero.</strong></span> 
     </span>
    </p>
   </div>
   <div class='ocr_carea' id='block_1_7' title="bbox 189 2008 2468 2154">
    <p class='ocr_par' dir='ltr' id='par_1_7' title="bbox 189 2008 2468 2154">
     <span class='ocr_line' id='line_1_16' title="bbox 189 2008 2468 2084; baseline 0.001 -23"><span class='ocrx_word' id='word_1_143' title='bbox 189 2013 245 2064; x_wconf 78' lang='lat'><strong>2.</strong></span> <span class='ocrx_word' id='word_1_144' title='bbox 297 2008 385 2061; x_wconf 88' lang='lat' dir='ltr'><strong>Ex</strong></span> <span class='ocrx_word' id='word_1_145' title='bbox 421 2009 776 2079; x_wconf 77' lang='lat' dir='ltr'><strong>antispastico</strong></span> <span class='ocrx_word' id='word_1_146' title='bbox 810 2026 1005 2077; x_wconf 77' lang='lat' dir='ltr'><strong>genere</strong></span> <span class='ocrx_word' id='word_1_147' title='bbox 1036 2026 1168 2080; x_wconf 90' lang='lat' dir='ltr'><strong>puro</strong></span> <span class='ocrx_word' id='word_1_148' title='bbox 1205 2026 1306 2063; x_wconf 90' lang='lat' dir='ltr'><strong>non</strong></span> <span class='ocrx_word' id='word_1_149' title='bbox 1343 2010 1442 2064; x_wconf 85' lang='lat' dir='ltr'><strong>nisi</strong></span> <span class='ocrx_word' id='word_1_150' title='bbox 1476 2025 1635 2065; x_wconf 88' lang='lat' dir='ltr'><strong>uuum</strong></span> <span class='ocrx_word' id='word_1_151' title='bbox 1668 2017 1749 2064; x_wconf 85' lang='lat' dir='ltr'><strong>est</strong></span> <span class='ocrx_word' id='word_1_152' title='bbox 1783 2015 2029 2064; x_wconf 72' lang='lat' dir='ltr'><strong>metrumz</strong></span> <span class='ocrx_word' id='word_1_153' title='bbox 2363 2034 2468 2084; x_wconf 52' lang='grc' dir='ltr'><strong>ης</strong></span> 
     </span>
     <span class='ocr_line' id='line_1_17' title="bbox 305 2119 341 2154; baseline 0 0"><span class='ocrx_word' id='word_1_154' title='bbox 305 2119 341 2154; x_wconf 70' lang='lat' dir='ltr'><strong>e</strong></span> 
     </span>
    </p>
   </div>
   <div class='ocr_carea' id='block_1_8' title="bbox 53 2137 2329 2364">
    <p class='ocr_par' dir='ltr' id='par_1_8' title="bbox 53 2137 2329 2364">
     <span class='ocr_line' id='line_1_18' title="bbox 188 2137 2329 2269; baseline 0.001 -40"><span class='ocrx_word' id='word_1_155' title='bbox 188 2176 257 2244; x_wconf 70' lang='grc' dir='ltr'><strong>ὁ)</strong></span> <span class='ocrx_word' id='word_1_156' title='bbox 296 2137 441 2269; x_wconf 49' lang='lat' dir='ltr'><strong>3}ss</strong></span> <span class='ocrx_word' id='word_1_157' title='bbox 487 2173 796 2241; x_wconf 78' lang='lat' dir='ltr'><strong>(concisum,</strong></span> <span class='ocrx_word' id='word_1_158' title='bbox 826 2176 1066 2242; x_wconf 87' lang='lat' dir='ltr'><strong>raucum)</strong></span> <span class='ocrx_word' id='word_1_159' title='bbox 1085 2177 1398 2244; x_wconf 76' lang='lat' dir='ltr'><strong>antispastus</strong></span> <span class='ocrx_word' id='word_1_160' title='bbox 1417 2191 1624 2245; x_wconf 85' lang='lat' dir='ltr'><strong>semper</strong></span> <span class='ocrx_word' id='word_1_161' title='bbox 1648 2176 1796 2230; x_wconf 88' lang='lat' dir='ltr'><strong>binos</strong></span> <span class='ocrx_word' id='word_1_162' title='bbox 1815 2179 2079 2247; x_wconf 84' lang='lat' dir='ltr'><strong>copulans,</strong></span> <span class='ocrx_word' id='word_1_163' title='bbox 2093 2193 2329 2232; x_wconf 85' lang='lat' dir='ltr'><strong>nonuun-</strong></span> 
     </span>
     <span class='ocr_line' id='line_1_19' title="bbox 53 2291 2327 2364; baseline -0 -13"><span class='ocrx_word' id='word_1_164' title='bbox 53 2312 202 2364; x_wconf 83' lang='lat' dir='ltr'><strong>quam</strong></span> <span class='ocrx_word' id='word_1_165' title='bbox 243 2297 579 2350; x_wconf 79' lang='lat' dir='ltr'><strong>catalecticus</strong></span> <span class='ocrx_word' id='word_1_166' title='bbox 616 2296 667 2347; x_wconf 86' lang='lat' dir='ltr'><strong>in</strong></span> <span class='ocrx_word' id='word_1_167' title='bbox 704 2291 943 2360; x_wconf 78' lang='lat' dir='ltr'><strong>rhythmo</strong></span> <span class='ocrx_word' id='word_1_168' title='bbox 978 2292 1065 2348; x_wconf 82' lang='lat' dir='ltr'><strong>fin.</strong></span> <span class='ocrx_word' id='word_1_169' title='bbox 1139 2295 1372 2349; x_wconf 79' lang='lat' dir='ltr'><strong>Mettum</strong></span> <span class='ocrx_word' id='word_1_170' title='bbox 1406 2297 1532 2347; x_wconf 87' lang='lat' dir='ltr'><strong>satis</strong></span> <span class='ocrx_word' id='word_1_171' title='bbox 1561 2310 1748 2360; x_wconf 83' lang='lat' dir='ltr'><strong>rarum,</strong></span> <span class='ocrx_word' id='word_1_172' title='bbox 1781 2311 1877 2348; x_wconf 90' lang='lat' dir='ltr'><strong>nec</strong></span> <span class='ocrx_word' id='word_1_173' title='bbox 1911 2297 2008 2348; x_wconf 86' lang='lat' dir='ltr'><strong>nisi</strong></span> <span class='ocrx_word' id='word_1_174' title='bbox 2033 2297 2084 2348; x_wconf 91' lang='lat' dir='ltr'><strong>in</strong></span> <span class='ocrx_word' id='word_1_175' title='bbox 2122 2297 2327 2351; x_wconf 79' lang='lat' dir='ltr'><strong>brevio-</strong></span> 
     </span>
    </p>
   </div>
   <div class='ocr_carea' id='block_1_9' title="bbox 55 2394 2328 2484">
    <p class='ocr_par' dir='ltr' id='par_1_9' title="bbox 55 2394 2328 2484">
     <span class='ocr_line' id='line_1_20' title="bbox 55 2394 2328 2484; baseline 0 -37"><span class='ocrx_word' id='word_1_176' title='bbox 55 2396 194 2449; x_wconf 89' lang='lat' dir='ltr'><strong>ribus</strong></span> <span class='ocrx_word' id='word_1_177' title='bbox 244 2397 480 2461; x_wconf 79' lang='lat' dir='ltr'><strong>obviam,</strong></span> <span class='ocrx_word' id='word_1_178' title='bbox 531 2397 836 2464; x_wconf 88' lang='lat' dir='ltr'><strong>praesertim</strong></span> <span class='ocrx_word' id='word_1_179' title='bbox 888 2411 1022 2463; x_wconf 89' lang='lat' dir='ltr'><strong>quae</strong></span> <span class='ocrx_word' id='word_1_180' title='bbox 1078 2396 1233 2463; x_wconf 90' lang='lat' dir='ltr'><strong>paulo</strong></span> <span class='ocrx_word' id='word_1_181' title='bbox 1282 2395 1513 2447; x_wconf 86' lang='lat' dir='ltr'><strong>severius</strong></span> <span class='ocrx_word' id='word_1_182' title='bbox 1563 2400 1616 2446; x_wconf 91' lang='lat' dir='ltr'><strong>et</strong></span> <span class='ocrx_word' id='word_1_183' title='bbox 1650 2395 1859 2461; x_wconf 80' lang='lat' dir='ltr'><strong>gravius</strong></span> <span class='ocrx_word' id='word_1_184' title='bbox 1896 2394 2113 2448; x_wconf 86' lang='lat' dir='ltr'><strong>dicenda</strong></span> <span class='ocrx_word' id='word_1_185' title='bbox 2147 2395 2328 2484; x_wconf 58' lang='lat' dir='ltr'><strong>viden:</strong></span> 
     </span>
    </p>
   </div>
   <div class='ocr_carea' id='block_1_10' title="bbox 57 2484 2327 2581">
    <p class='ocr_par' dir='ltr' id='par_1_10' title="bbox 57 2484 2327 2581">
     <span class='ocr_line' id='line_1_21' title="bbox 57 2484 2327 2581; baseline -0 -15"><span class='ocrx_word' id='word_1_186' title='bbox 57 2518 151 2566; x_wconf 90' lang='lat' dir='ltr'><strong>tur.</strong></span> <span class='ocrx_word' id='word_1_187' title='bbox 241 2515 437 2566; x_wconf 88' lang='lat' dir='ltr'><strong>Ultima</strong></span> <span class='ocrx_word' id='word_1_188' title='bbox 481 2529 672 2581; x_wconf 78' lang='lat' dir='ltr'><strong>anceps</strong></span> <span class='ocrx_word' id='word_1_189' title='bbox 721 2531 753 2564; x_wconf 90' lang='grc' dir='ltr'>υ</span> <span class='ocrx_word' id='word_1_190' title='bbox 779 2485 846 2553; x_wconf 73' lang='lat'><strong>-&#39;-</strong></span> <span class='ocrx_word' id='word_1_191' title='bbox 868 2484 934 2553; x_wconf 63' lang='lat' dir='ltr'><strong>-f-</strong></span> <span class='ocrx_word' id='word_1_192' title='bbox 955 2530 987 2563; x_wconf 89' lang='grc' dir='ltr'>υ</span> <span class='ocrx_word' id='word_1_193' title='bbox 1024 2528 1181 2580; x_wconf 86' lang='lat' dir='ltr'><strong>saepe</strong></span> <span class='ocrx_word' id='word_1_194' title='bbox 1210 2511 1542 2580; x_wconf 89' lang='lat' dir='ltr'><strong>producitur,</strong></span> <span class='ocrx_word' id='word_1_195' title='bbox 1568 2527 1725 2579; x_wconf 83' lang='lat' dir='ltr'><strong>saepe</strong></span> <span class='ocrx_word' id='word_1_196' title='bbox 1749 2512 1916 2563; x_wconf 81' lang='lat' dir='ltr'><strong>brevis</strong></span> <span class='ocrx_word' id='word_1_197' title='bbox 1945 2518 2131 2566; x_wconf 84' lang='lat' dir='ltr'><strong>manet.</strong></span> <span class='ocrx_word' id='word_1_198' title='bbox 2162 2498 2327 2569; x_wconf 75' lang='lat' dir='ltr'><strong>&#39;Quod</strong></span> 
     </span>
    </p>
   </div>
   <div class='ocr_carea' id='block_1_11' title="bbox 56 2610 2327 2879">
    <p class='ocr_par' dir='ltr' id='par_1_11' title="bbox 56 2610 2327 2879">
     <span class='ocr_line' id='line_1_22' title="bbox 56 2610 2323 2681; baseline 0 -16"><span class='ocrx_word' id='word_1_199' title='bbox 56 2614 254 2666; x_wconf 78' lang='lat' dir='ltr'><strong>metrIci</strong></span> <span class='ocrx_word' id='word_1_200' title='bbox 295 2615 584 2681; x_wconf 84' lang='lat' dir='ltr'><strong>antispasto</strong></span> <span class='ocrx_word' id='word_1_201' title='bbox 626 2610 908 2677; x_wconf 87' lang='lat' dir='ltr'><strong>dijambum</strong></span> <span class='ocrx_word' id='word_1_202' title='bbox 933 2610 1175 2663; x_wconf 86' lang='lat' dir='ltr'><strong>substitui</strong></span> <span class='ocrx_word' id='word_1_203' title='bbox 1212 2626 1366 2678; x_wconf 87' lang='lat' dir='ltr'><strong>posse</strong></span> <span class='ocrx_word' id='word_1_204' title='bbox 1405 2611 1639 2675; x_wconf 88' lang='lat' dir='ltr'><strong>tradunt,</strong></span> <span class='ocrx_word' id='word_1_205' title='bbox 1685 2627 1790 2663; x_wconf 86' lang='lat' dir='ltr'><strong>non</strong></span> <span class='ocrx_word' id='word_1_206' title='bbox 1828 2626 2039 2679; x_wconf 85' lang='lat' dir='ltr'><strong>prorsus</strong></span> <span class='ocrx_word' id='word_1_207' title='bbox 2074 2612 2323 2665; x_wconf 88' lang='lat' dir='ltr'><strong>absonum</strong></span> 
     </span>
     <span class='ocr_line' id='line_1_23' title="bbox 57 2708 2327 2781; baseline 0.001 -18"><span class='ocrx_word' id='word_1_208' title='bbox 57 2717 109 2763; x_wconf 90' lang='lat' dir='ltr'><strong>et</strong></span> <span class='ocrx_word' id='word_1_209' title='bbox 133 2718 341 2781; x_wconf 90' lang='lat' dir='ltr'><strong>praeter</strong></span> <span class='ocrx_word' id='word_1_210' title='bbox 374 2728 513 2777; x_wconf 87' lang='lat' dir='ltr'><strong>rem,</strong></span> <span class='ocrx_word' id='word_1_211' title='bbox 551 2727 670 2764; x_wconf 89' lang='lat' dir='ltr'><strong>cum</strong></span> <span class='ocrx_word' id='word_1_212' title='bbox 703 2710 1014 2779; x_wconf 82' lang='lat' dir='ltr'><strong>antispastus</strong></span> <span class='ocrx_word' id='word_1_213' title='bbox 1043 2708 1179 2762; x_wconf 88' lang='lat' dir='ltr'><strong>haud</strong></span> <span class='ocrx_word' id='word_1_214' title='bbox 1216 2709 1371 2762; x_wconf 87' lang='lat' dir='ltr'><strong>dubie</strong></span> <span class='ocrx_word' id='word_1_215' title='bbox 1407 2725 1474 2762; x_wconf 83' lang='lat' dir='ltr'><strong>ex</strong></span> <span class='ocrx_word' id='word_1_216' title='bbox 1512 2709 1738 2775; x_wconf 87' lang='lat' dir='ltr'><strong>dijambo</strong></span> <span class='ocrx_word' id='word_1_217' title='bbox 1773 2711 2055 2779; x_wconf 79' lang='lat' dir='ltr'><strong>prodierit3</strong></span> <span class='ocrx_word' id='word_1_218' title='bbox 2090 2712 2183 2764; x_wconf 88' lang='lat' dir='ltr'><strong>sed</strong></span> <span class='ocrx_word' id='word_1_219' title='bbox 2204 2710 2327 2779; x_wconf 77' lang='lat' dir='ltr'><strong>jure</strong></span> 
     </span>
     <span class='ocr_line' id='line_1_24' title="bbox 58 2808 2250 2879; baseline 0.001 -15"><span class='ocrx_word' id='word_1_220' title='bbox 58 2815 159 2864; x_wconf 83' lang='lat' dir='ltr'><strong>tam</strong></span> <span class='ocrx_word' id='word_1_221' title='bbox 195 2826 372 2866; x_wconf 88' lang='lat' dir='ltr'><strong>rarum</strong></span> <span class='ocrx_word' id='word_1_222' title='bbox 410 2819 465 2865; x_wconf 91' lang='lat' dir='ltr'><strong>et</strong></span> <span class='ocrx_word' id='word_1_223' title='bbox 497 2812 795 2879; x_wconf 84' lang='lat' dir='ltr'><strong>singulare,</strong></span> <span class='ocrx_word' id='word_1_224' title='bbox 830 2816 891 2862; x_wconf 90' lang='lat' dir='ltr'><strong>ut</strong></span> <span class='ocrx_word' id='word_1_225' title='bbox 925 2810 1121 2862; x_wconf 88' lang='lat' dir='ltr'><strong>nullum</strong></span> <span class='ocrx_word' id='word_1_226' title='bbox 1157 2810 1397 2877; x_wconf 87' lang='lat' dir='ltr'><strong>equidem</strong></span> <span class='ocrx_word' id='word_1_227' title='bbox 1435 2808 1548 2877; x_wconf 87' lang='lat' dir='ltr'><strong>ejus</strong></span> <span class='ocrx_word' id='word_1_228' title='bbox 1583 2811 1659 2863; x_wconf 87' lang='lat' dir='ltr'><strong>rei</strong></span> <span class='ocrx_word' id='word_1_229' title='bbox 1694 2811 1986 2879; x_wconf 78' lang='lat' dir='ltr'><strong>exemplum</strong></span> <span class='ocrx_word' id='word_1_230' title='bbox 2018 2811 2250 2879; x_wconf 83' lang='lat' dir='ltr'><strong>legerim.</strong></span> 
     </span>
    </p>
   </div>
   <div class='ocr_carea' id='block_1_12' title="bbox 54 2955 2468 3754">
    <p class='ocr_par' dir='ltr' id='par_1_12' title="bbox 189 2955 2468 3032">
     <span class='ocr_line' id='line_1_25' title="bbox 189 2955 2468 3032; baseline 0 -16"><span class='ocrx_word' id='word_1_231' title='bbox 189 2967 242 3016; x_wconf 77' lang='grc'><strong>3.</strong></span> <span class='ocrx_word' id='word_1_232' title='bbox 288 2963 374 3016; x_wconf 77' lang='lat' dir='ltr'><strong>Ad</strong></span> <span class='ocrx_word' id='word_1_233' title='bbox 407 2960 898 3032; x_wconf 74' lang='lat' dir='ltr'><strong>amphibrachicum</strong></span> <span class='ocrx_word' id='word_1_234' title='bbox 929 2979 1094 3030; x_wconf 80' lang='lat' dir='ltr'><strong>genus</strong></span> <span class='ocrx_word' id='word_1_235' title='bbox 1130 2963 1391 3032; x_wconf 84' lang='lat' dir='ltr'><strong>pertinent</strong></span> <span class='ocrx_word' id='word_1_236' title='bbox 1424 2961 1645 3016; x_wconf 82' lang='lat' dir='ltr'><strong>haecce=</strong></span> <span class='ocrx_word' id='word_1_237' title='bbox 2358 2955 2468 3007; x_wconf 68' lang='grc'><strong>796</strong></span> 
     </span>
    </p>

    <p class='ocr_par' dir='ltr' id='par_1_13' title="bbox 54 3071 2327 3754">
     <span class='ocr_line' id='line_1_26' title="bbox 190 3071 2325 3219; baseline 0 -39"><span class='ocrx_word' id='word_1_238' title='bbox 190 3131 255 3199; x_wconf 76' lang='grc'><strong>6)</strong></span> <span class='ocrx_word' id='word_1_239' title='bbox 300 3071 536 3219; x_wconf 44' lang='lat' dir='ltr'><strong>ZJOE‘X:</strong></span> <span class='ocrx_word' id='word_1_240' title='bbox 584 3127 974 3198; x_wconf 77' lang='lat' dir='ltr'><strong>(properans),</strong></span> <span class='ocrx_word' id='word_1_241' title='bbox 1024 3144 1094 3182; x_wconf 82' lang='lat' dir='ltr'><strong>ex</strong></span> <span class='ocrx_word' id='word_1_242' title='bbox 1138 3129 1295 3181; x_wconf 89' lang='lat' dir='ltr'><strong>meris</strong></span> <span class='ocrx_word' id='word_1_243' title='bbox 1348 3124 1722 3196; x_wconf 88' lang='lat' dir='ltr'><strong>amphibrachis</strong></span> <span class='ocrx_word' id='word_1_244' title='bbox 1770 3133 2041 3195; x_wconf 87' lang='lat' dir='ltr'><strong>constans,</strong></span> <span class='ocrx_word' id='word_1_245' title='bbox 2093 3135 2186 3183; x_wconf 86' lang='lat' dir='ltr'><strong>aut</strong></span> <span class='ocrx_word' id='word_1_246' title='bbox 2219 3129 2325 3182; x_wconf 79' lang='lat' dir='ltr'><strong>tn·-</strong></span> 
     </span>
     <span class='ocr_line' id='line_1_27' title="bbox 56 3221 2325 3335; baseline 0.002 -19"><span class='ocrx_word' id='word_1_247' title='bbox 56 3274 246 3332; x_wconf 80' lang='lat' dir='ltr'><strong>meter,</strong></span> <span class='ocrx_word' id='word_1_248' title='bbox 304 3221 398 3335; x_wconf 73' lang='lat' dir='ltr'><strong>qui</strong></span> <span class='ocrx_word' id='word_1_249' title='bbox 440 3269 606 3320; x_wconf 89' lang='lat' dir='ltr'><strong>rarior</strong></span> <span class='ocrx_word' id='word_1_250' title='bbox 655 3273 738 3320; x_wconf 87' lang='lat' dir='ltr'><strong>est</strong></span> <span class='ocrx_word' id='word_1_251' title='bbox 783 3272 840 3325; x_wconf 87' lang='lat' dir='ltr'><strong>et</strong></span> <span class='ocrx_word' id='word_1_252' title='bbox 885 3267 1035 3319; x_wconf 87' lang='lat' dir='ltr'><strong>nimis</strong></span> <span class='ocrx_word' id='word_1_253' title='bbox 1069 3266 1240 3320; x_wconf 79' lang='lat' dir='ltr'><strong>brevis</strong></span> <span class='ocrx_word' id='word_1_254' title='bbox 1274 3266 1526 3332; x_wconf 85' lang='lat' dir='ltr'><strong>ambitus,</strong></span> <span class='ocrx_word' id='word_1_255' title='bbox 1583 3270 1674 3316; x_wconf 87' lang='lat' dir='ltr'><strong>aut</strong></span> <span class='ocrx_word' id='word_1_256' title='bbox 1710 3272 2021 3318; x_wconf 76' lang='lat' dir='ltr'><strong>tetrameter</strong></span> <span class='ocrx_word' id='word_1_257' title='bbox 2054 3269 2181 3319; x_wconf 87' lang='lat' dir='ltr'><strong>satis</strong></span> <span class='ocrx_word' id='word_1_258' title='bbox 2217 3267 2325 3321; x_wconf 74' lang='lat' dir='ltr'><strong>fre-</strong></span> 
     </span>
     <span class='ocr_line' id='line_1_28' title="bbox 54 3364 2327 3433; baseline 0.001 -15"><span class='ocrx_word' id='word_1_259' title='bbox 54 3380 228 3432; x_wconf 89' lang='lat' dir='ltr'><strong>quens.</strong></span> <span class='ocrx_word' id='word_1_260' title='bbox 299 3365 401 3419; x_wconf 89' lang='lat' dir='ltr'><strong>Est</strong></span> <span class='ocrx_word' id='word_1_261' title='bbox 445 3366 498 3418; x_wconf 92' lang='lat' dir='ltr'><strong>id</strong></span> <span class='ocrx_word' id='word_1_262' title='bbox 546 3373 770 3420; x_wconf 90' lang='lat' dir='ltr'><strong>metrum</strong></span> <span class='ocrx_word' id='word_1_263' title='bbox 816 3366 942 3420; x_wconf 83' lang='lat' dir='ltr'><strong>satis</strong></span> <span class='ocrx_word' id='word_1_264' title='bbox 976 3369 1132 3420; x_wconf 88' lang='lat' dir='ltr'><strong>molle</strong></span> <span class='ocrx_word' id='word_1_265' title='bbox 1168 3373 1221 3420; x_wconf 91' lang='lat' dir='ltr'><strong>et</strong></span> <span class='ocrx_word' id='word_1_266' title='bbox 1256 3367 1495 3419; x_wconf 85' lang='lat' dir='ltr'><strong>instabile</strong></span> <span class='ocrx_word' id='word_1_267' title='bbox 1529 3381 1592 3418; x_wconf 92' lang='lat' dir='ltr'><strong>ac</strong></span> <span class='ocrx_word' id='word_1_268' title='bbox 1628 3364 1819 3431; x_wconf 77' lang='lat' dir='ltr'><strong>fugax,</strong></span> <span class='ocrx_word' id='word_1_269' title='bbox 1873 3381 1976 3431; x_wconf 91' lang='lat' dir='ltr'><strong>quo</strong></span> <span class='ocrx_word' id='word_1_270' title='bbox 2011 3366 2327 3433; x_wconf 83' lang='lat' dir='ltr'><strong>antiquiores</strong></span> 
     </span>
     <span class='ocr_line' id='line_1_29' title="bbox 54 3462 2324 3535; baseline 0.001 -19"><span class='ocrx_word' id='word_1_271' title='bbox 54 3466 244 3531; x_wconf 87' lang='lat' dir='ltr'><strong>rarius,</strong></span> <span class='ocrx_word' id='word_1_272' title='bbox 298 3465 522 3519; x_wconf 84' lang='lat' dir='ltr'><strong>seriores</strong></span> <span class='ocrx_word' id='word_1_273' title='bbox 556 3467 765 3535; x_wconf 87' lang='lat' dir='ltr'><strong>saepius</strong></span> <span class='ocrx_word' id='word_1_274' title='bbox 796 3473 1027 3520; x_wconf 90' lang='lat' dir='ltr'><strong>utuntur.</strong></span> <span class='ocrx_word' id='word_1_275' title='bbox 1119 3467 1334 3520; x_wconf 87' lang='lat' dir='ltr'><strong>Interim</strong></span> <span class='ocrx_word' id='word_1_276' title='bbox 1371 3465 1499 3518; x_wconf 88' lang='lat' dir='ltr'><strong>haec</strong></span> <span class='ocrx_word' id='word_1_277' title='bbox 1534 3465 1778 3518; x_wconf 85' lang='lat' dir='ltr'><strong>mollities</strong></span> <span class='ocrx_word' id='word_1_278' title='bbox 1813 3464 1994 3517; x_wconf 74' lang='lat' dir='ltr'><strong>ultima</strong></span> <span class='ocrx_word' id='word_1_279' title='bbox 2029 3462 2177 3532; x_wconf 88' lang='lat' dir='ltr'><strong>pedis</strong></span> <span class='ocrx_word' id='word_1_280' title='bbox 2211 3466 2324 3531; x_wconf 86' lang='lat' dir='ltr'><strong>syl-</strong></span> 
     </span>
     <span class='ocr_line' id='line_1_30' title="bbox 55 3551 2326 3657; baseline 0.001 -23"><span class='ocrx_word' id='word_1_281' title='bbox 55 3580 200 3648; x_wconf 73' lang='lat' dir='ltr'><strong>laba,</strong></span> <span class='ocrx_word' id='word_1_282' title='bbox 249 3598 385 3651; x_wconf 88' lang='lat' dir='ltr'><strong>quae</strong></span> <span class='ocrx_word' id='word_1_283' title='bbox 419 3599 514 3653; x_wconf 88' lang='lat' dir='ltr'><strong>per</strong></span> <span class='ocrx_word' id='word_1_284' title='bbox 551 3599 609 3636; x_wconf 92' lang='lat' dir='ltr'><strong>se</strong></span> <span class='ocrx_word' id='word_1_285' title='bbox 648 3600 839 3654; x_wconf 85' lang='lat' dir='ltr'><strong>anceps</strong></span> <span class='ocrx_word' id='word_1_286' title='bbox 875 3593 956 3639; x_wconf 83' lang='lat' dir='ltr'><strong>est</strong></span> <span class='ocrx_word' id='word_1_287' title='bbox 989 3604 1024 3636; x_wconf 81' lang='lat' dir='ltr'><strong><em>v</em></strong></span> <span class='ocrx_word' id='word_1_288' title='bbox 1041 3551 1192 3651; x_wconf 51' lang='grc' dir='ltr'><strong><em>-ἷ-ἶι,</em></strong></span> <span class='ocrx_word' id='word_1_289' title='bbox 1249 3586 1457 3656; x_wconf 87' lang='lat' dir='ltr'><strong>saepius</strong></span> <span class='ocrx_word' id='word_1_290' title='bbox 1503 3583 1756 3655; x_wconf 66' lang='lat' dir='ltr'><strong>producta</strong></span> <span class='ocrx_word' id='word_1_291' title='bbox 1805 3583 2021 3635; x_wconf 86' lang='lat' dir='ltr'><strong>muitum</strong></span> <span class='ocrx_word' id='word_1_292' title='bbox 2064 3583 2176 3657; x_wconf 73' lang='lat' dir='ltr'><strong>jam</strong></span> <span class='ocrx_word' id='word_1_293' title='bbox 2230 3583 2326 3638; x_wconf 88' lang='lat' dir='ltr'><strong>de-</strong></span> 
     </span>
     <span class='ocr_line' id='line_1_31' title="bbox 56 3681 2327 3754; baseline 0.001 -21"><span class='ocrx_word' id='word_1_294' title='bbox 56 3681 315 3747; x_wconf 73' lang='lat' dir='ltr'><strong>primiturt</strong></span> <span class='ocrx_word' id='word_1_295' title='bbox 369 3682 422 3734; x_wconf 89' lang='lat' dir='ltr'><strong>in</strong></span> <span class='ocrx_word' id='word_1_296' title='bbox 472 3684 757 3751; x_wconf 88' lang='lat' dir='ltr'><strong>penultimo</strong></span> <span class='ocrx_word' id='word_1_297' title='bbox 812 3700 938 3737; x_wconf 87' lang='lat' dir='ltr'><strong>vero</strong></span> <span class='ocrx_word' id='word_1_298' title='bbox 973 3685 1108 3754; x_wconf 88' lang='lat' dir='ltr'><strong>pede</strong></span> <span class='ocrx_word' id='word_1_299' title='bbox 1156 3687 1356 3753; x_wconf 81' lang='lat' dir='ltr'><strong>syllaba</strong></span> <span class='ocrx_word' id='word_1_300' title='bbox 1391 3684 1517 3739; x_wconf 87' lang='lat' dir='ltr'><strong>haec</strong></span> <span class='ocrx_word' id='word_1_301' title='bbox 1554 3700 1585 3736; x_wconf 85' lang='lat' dir='ltr'><strong>e</strong></span> <span class='ocrx_word' id='word_1_302' title='bbox 1621 3684 1740 3750; x_wconf 83' lang='lat' dir='ltr'><strong>lege</strong></span> <span class='ocrx_word' id='word_1_303' title='bbox 1775 3681 1889 3734; x_wconf 83' lang='lat' dir='ltr'><strong>fere</strong></span> <span class='ocrx_word' id='word_1_304' title='bbox 1924 3684 2163 3735; x_wconf 66' lang='lat' dir='ltr'><strong>continua</strong></span> <span class='ocrx_word' id='word_1_305' title='bbox 2200 3699 2327 3752; x_wconf 87' lang='lat' dir='ltr'><strong>pro·</strong></span> 
     </span>
    </p>
   </div>
   <div class='ocr_carea' id='block_1_13' title="bbox 57 3777 2326 3855">
    <p class='ocr_par' dir='ltr' id='par_1_14' title="bbox 57 3777 2326 3855">
     <span class='ocr_line' id='line_1_32' title="bbox 57 3777 2326 3855; baseline 0.002 -25"><span class='ocrx_word' id='word_1_306' title='bbox 57 3777 287 3846; x_wconf 82' lang='lat' dir='ltr'><strong>ducitur,</strong></span> <span class='ocrx_word' id='word_1_307' title='bbox 339 3796 445 3847; x_wconf 90' lang='lat' dir='ltr'><strong>quo</strong></span> <span class='ocrx_word' id='word_1_308' title='bbox 478 3783 685 3849; x_wconf 76' lang='lat' dir='ltr'><strong>gravius</strong></span> <span class='ocrx_word' id='word_1_309' title='bbox 722 3790 776 3836; x_wconf 89' lang='lat' dir='ltr'><strong>et</strong></span> <span class='ocrx_word' id='word_1_310' title='bbox 810 3784 1038 3837; x_wconf 87' lang='lat' dir='ltr'><strong>sedatius</strong></span> <span class='ocrx_word' id='word_1_311' title='bbox 1073 3801 1176 3838; x_wconf 82' lang='lat' dir='ltr'><strong>vox</strong></span> <span class='ocrx_word' id='word_1_312' title='bbox 1213 3785 1446 3855; x_wconf 87' lang='lat' dir='ltr'><strong>rapidam</strong></span> <span class='ocrx_word' id='word_1_313' title='bbox 1480 3798 1660 3836; x_wconf 84' lang='lat' dir='ltr'><strong>versus</strong></span> <span class='ocrx_word' id='word_1_314' title='bbox 1696 3781 2016 3835; x_wconf 86' lang='lat' dir='ltr'><strong>celeritatem</strong></span> <span class='ocrx_word' id='word_1_315' title='bbox 2050 3782 2238 3835; x_wconf 86' lang='lat' dir='ltr'><strong>sistens</strong></span> <span class='ocrx_word' id='word_1_316' title='bbox 2273 3783 2326 3835; x_wconf 85' lang='lat' dir='ltr'><strong>in</strong></span> 
     </span>
    </p>
   </div>
   <div class='ocr_carea' id='block_1_14' title="bbox 175 4042 2327 4189">
    <p class='ocr_par' dir='ltr' id='par_1_15' title="bbox 175 4042 2327 4189">
     <span class='ocr_line' id='line_1_33' title="bbox 175 4042 2326 4118; baseline 0.001 -21"><span class='ocrx_word' id='word_1_317' title='bbox 175 4042 237 4110; x_wconf 86' lang='lat'><strong>1)</strong></span> <span class='ocrx_word' id='word_1_318' title='bbox 275 4046 405 4098; x_wconf 86' lang='lat' dir='ltr'><strong>Post</strong></span> <span class='ocrx_word' id='word_1_319' title='bbox 453 4046 652 4113; x_wconf 77' lang='lat' dir='ltr'><strong>prlores</strong></span> <span class='ocrx_word' id='word_1_320' title='bbox 706 4045 930 4111; x_wconf 82' lang='lat' dir='ltr'><strong>syllabas</strong></span> <span class='ocrx_word' id='word_1_321' title='bbox 977 4044 1105 4098; x_wconf 88' lang='lat' dir='ltr'><strong>duas</strong></span> <span class='ocrx_word' id='word_1_322' title='bbox 1139 4067 1172 4099; x_wconf 85' lang='lat' dir='ltr'><em>v</em></span> <span class='ocrx_word' id='word_1_323' title='bbox 1194 4074 1260 4092; x_wconf 91' lang='lat'>-</span> <span class='ocrx_word' id='word_1_324' title='bbox 1306 4049 1659 4104; x_wconf 89' lang='lat' dir='ltr'><strong>choriambum</strong></span> <span class='ocrx_word' id='word_1_325' title='bbox 1696 4047 1928 4102; x_wconf 86' lang='lat' dir='ltr'><strong>adhiberi</strong></span> <span class='ocrx_word' id='word_1_326' title='bbox 1964 4063 2119 4118; x_wconf 85' lang='lat' dir='ltr'><strong>posse</strong></span> <span class='ocrx_word' id='word_1_327' title='bbox 2172 4046 2326 4100; x_wconf 86' lang='lat' dir='ltr'><strong>iidem</strong></span> 
     </span>
     <span class='ocr_line' id='line_1_34' title="bbox 279 4117 2327 4189; baseline 0.001 -21"><span class='ocrx_word' id='word_1_328' title='bbox 279 4117 502 4168; x_wconf 81' lang='lat' dir='ltr'><strong>tradunt.</strong></span> <span class='ocrx_word' id='word_1_329' title='bbox 575 4117 941 4186; x_wconf 84' lang='lat' dir='ltr'><strong>Reputandnm</strong></span> <span class='ocrx_word' id='word_1_330' title='bbox 978 4124 1114 4184; x_wconf 86' lang='lat' dir='ltr'><strong>tum,</strong></span> <span class='ocrx_word' id='word_1_331' title='bbox 1163 4129 1440 4189; x_wconf 84' lang='lat' dir='ltr'><strong>sequentes</strong></span> <span class='ocrx_word' id='word_1_332' title='bbox 1469 4122 1693 4188; x_wconf 81' lang='lat' dir='ltr'><strong>syllabas</strong></span> <span class='ocrx_word' id='word_1_333' title='bbox 1728 4139 2022 4174; x_wconf 82' lang='grc' dir='ltr'>υυ-υ-</span> <span class='ocrx_word' id='word_1_334' title='bbox 2061 4117 2180 4188; x_wconf 89' lang='lat' dir='ltr'><strong>pedi</strong></span> <span class='ocrx_word' id='word_1_335' title='bbox 2216 4119 2327 4171; x_wconf 71' lang='lat' dir='ltr'><strong>Ka-</strong></span> 
     </span>
    </p>
   </div>
   <div class='ocr_carea' id='block_1_15' title="bbox 276 4186 2327 4336">
    <p class='ocr_par' dir='ltr' id='par_1_16' title="bbox 276 4186 2327 4336">
     <span class='ocr_line' id='line_1_35' title="bbox 276 4186 2327 4263; baseline 0.001 -24"><span class='ocrx_word' id='word_1_336' title='bbox 276 4186 401 4239; x_wconf 87' lang='lat' dir='ltr'><strong>milo</strong></span> <span class='ocrx_word' id='word_1_337' title='bbox 448 4189 761 4256; x_wconf 87' lang='lat' dir='ltr'><strong>respondere</strong></span> <span class='ocrx_word' id='word_1_338' title='bbox 815 4195 1194 4258; x_wconf 76' lang='lat' dir='ltr'><strong>proptereaque</strong></span> <span class='ocrx_word' id='word_1_339' title='bbox 1248 4209 1315 4246; x_wconf 77' lang='lat' dir='ltr'><strong>ex</strong></span> <span class='ocrx_word' id='word_1_340' title='bbox 1365 4194 1566 4246; x_wconf 89' lang='lat' dir='ltr'><strong>ratione</strong></span> <span class='ocrx_word' id='word_1_341' title='bbox 1616 4209 1774 4263; x_wconf 88' lang='lat' dir='ltr'><strong>supra</strong></span> <span class='ocrx_word' id='word_1_342' title='bbox 1808 4193 1946 4249; x_wconf 73' lang='lat' dir='ltr'><strong>dicta</strong></span> <span class='ocrx_word' id='word_1_343' title='bbox 1985 4191 2209 4259; x_wconf 85' lang='lat' dir='ltr'><strong>dijambo</strong></span> <span class='ocrx_word' id='word_1_344' title='bbox 2246 4191 2327 4243; x_wconf 80' lang='lat' dir='ltr'><strong>vel</strong></span> 
     </span>
     <span class='ocr_line' id='line_1_36' title="bbox 279 4256 1712 4336; baseline 0.005 -26"><span class='ocrx_word' id='word_1_345' title='bbox 279 4256 571 4314; x_wconf 77' lang='lat' dir='ltr'><strong>choriambo</strong></span> <span class='ocrx_word' id='word_1_346' title='bbox 609 4260 794 4313; x_wconf 87' lang='lat' dir='ltr'><strong>cedere</strong></span> <span class='ocrx_word' id='word_1_347' title='bbox 829 4276 1010 4329; x_wconf 84' lang='lat' dir='ltr'><strong>posse,</strong></span> <span class='ocrx_word' id='word_1_348' title='bbox 1058 4278 1105 4314; x_wconf 84' lang='lat' dir='ltr'><strong>v.</strong></span> <span class='ocrx_word' id='word_1_349' title='bbox 1143 4262 1230 4316; x_wconf 91' lang='lat' dir='ltr'><strong>lib.</strong></span> <span class='ocrx_word' id='word_1_350' title='bbox 1269 4265 1333 4317; x_wconf 94' lang='lat' dir='ltr'><strong>de</strong></span> <span class='ocrx_word' id='word_1_351' title='bbox 1369 4273 1519 4321; x_wconf 83' lang='lat' dir='ltr'><strong>metr.</strong></span> <span class='ocrx_word' id='word_1_352' title='bbox 1555 4285 1605 4336; x_wconf 88' lang='lat' dir='ltr'><strong>p.</strong></span> <span class='ocrx_word' id='word_1_353' title='bbox 1626 4269 1712 4319; x_wconf 78' lang='lat'><strong>54.</strong></span> 
     </span>
    </p>
   </div>
  </div>
 </body>
</html>
