2675 4692
573 194 689 264 De
745 199 1250 265 enunciatione
1302 198 1793 268 conditionali.
2173 212 2321 291 297

25 376 215 464 poris
279 374 459 443 ullius
502 375 823 445 notionem
866 389 1058 446 tenet.
1116 415 1202 428 —
1286 379 1368 466 3)
1408 379 1704 468 Denique
1745 388 1898 446 nota
1940 379 2325 450 locutionem

29 576 445 632 contractam
501 599 584 614 —
628 556 687 618 ὁ
749 550 846 641 3³5,
902 574 972 628 et
1013 564 1158 630 nisi
1198 564 1365 653 (hoc
1405 566 1494 631 ita
1552 576 1684 644 est,
1742 565 1838 631 vel
1885 567 2060 653 erat)
2106 590 2210 635 res
2252 591 2326 636 se

26 722 238 789 habet
302 721 401 787 vel
458 723 738 791 habebat
776 724 989 814 potius
1034 724 1131 789 sic
1187 725 1227 791 i.
1275 747 1330 790 e.
1375 724 1688 812 alioquin
1735 723 1846 811 (ut
1886 726 2095 793 Henz.
2142 726 2216 793 fr.
2261 750 2323 815 p.

29 837 114 913 4,
158 834 276 901 ult.
288 835 362 916 )‚
428 837 538 901 ubi
597 877 655 919 0
714 850 865 926 post
920 839 1201 925 protasin
1262 861 1389 904 non
1453 837 1831 925 completam
1892 840 2325 906 necessarium

32 959 172 1028 est,
243 947 734 1038 subjectumque
800 952 915 1017 sibi
979 951 1402 1041 postpositum
1445 952 1659 1018 habet.
1721 988 1806 1000 —
1890 949 2165 1020 Praeter
2205 953 2323 1020 has

33 1083 192 1126 vero
241 1083 478 1128 causas
519 1063 839 1129 rarissime
885 1081 942 1143 ὁ
988 1063 1257 1152 apodosi
1321 1062 1606 1144 accedit,
1671 1085 1793 1130 nec
1833 1064 1969 1130 scio
2014 1087 2096 1131 an
2141 1065 2324 1133 aliter

39 1172 168 1239 hoc
243 1174 405 1238 ferri
463 1187 692 1262 queat,
771 1177 889 1243 nisi
953 1176 1129 1265 quod
1184 1175 1497 1266 particula
1561 1193 1657 1280 με,
1716 1176 1989 1264 quaein
2034 1177 2323 1246 oratione

599 1302 631 1333 0

40 1362 350 1429 continua
391 1360 531 1427 voci
576 1345 655 1440 (35
697 1364 980 1450 praefixa
1023 1374 1192 1445 erat,
1233 1373 1499 1454 propter
1541 1384 1774 1429 nexum
1810 1361 2156 1429 faciliorem
2184 1364 2324 1454 jam

650 1456 678 1496 ἐ

3 1533 190 1607 ⁸ante
233 1520 551 1610 apodosin
595 1522 904 1610 repetitur
938 1524 1042 1610 1);
1084 1545 1294 1611 neque
1324 1523 1461 1612 jam
1505 1530 1654 1609 post
1693 1537 1752 1601 ὁ
1820 1519 2177 1615 perfectum
2224 1519 2323 1588 su-

43 1636 168 1701 turi
227 1634 559 1702 notionem
620 1647 842 1704 tenens
893 1637 956 1701 in
1000 1634 1270 1724 apodosi
1309 1635 1650 1713 toleratur,
1713 1631 1831 1699 sed
1875 1633 2325 1723 imperfectum

49 1760 117 1815 ut
156 1749 222 1815 in
268 1750 564 1816 oratione
610 1749 855 1837 vulgari
902 1748 1100 1830 redit,
1144 1761 1217 1816 ut
1253 1749 1420 1815 Tab.
1466 1771 1523 1835 p.
1558 1747 1707 1845 120,
1748 1746 1810 1811 5.

215 1890 293 1956 Si
337 1890 402 1956 in
445 1890 735 1956 oratione
776 1889 1211 1956 vehementius
1256 1889 1574 1953 commota
1616 1885 2041 1975 emphaticum
2073 1885 2245 1953 istud
2284 1875 2322 1953 ὁ

50 2001 485 2069 conditionem
544 2003 827 2084 orditur,
902 2000 1130 2068 modus
1188 2001 1563 2090 plerumque
1622 1999 2016 2085 emphaticus
2059 1999 2123 2064 in
2168 2021 2325 2088 apo-

53 2112 191 2182 dosi
235 2117 526 2204 sequitur
568 2115 627 2180 ei
664 2116 902 2204 optime
938 2115 1369 2204 respondens,
1416 2135 1626 2200 neque
1666 2111 1754 2176 ibi
1795 2129 1854 2192 d
1901 2109 2324 2193 desideratur,

261 2246 397 2277 ΗΟ)
467 2243 501 2277 0
571 2244 600 2276 ³
663 2244 729 2276 0·-
791 2244 906 2277 05-

54 2315 122 2371 ut
168 2245 382 2390 {ku-‘⁴³
443 2311 593 2352 υς
652 2291 715 2399 fl
776 2289 888 2389 ωδ
942 2298 1294 2389 profectO,
1363 2302 1429 2364 si
1485 2321 1619 2362 non
1675 2296 1986 2385 parebit,
2042 2290 2327 2382 interfi-

58 2463 325 2527 cietur!
391 2460 724 2549 Frequens
782 2472 881 2527 est
925 2483 1003 2526 ea
1046 2458 1240 2526 dictio
1288 2481 1434 2524 cum
1478 2458 1540 2523 in
1587 2457 1853 2524 Korano
1897 2465 2031 2522 tum
2075 2453 2279 2522 alibi
2262 2476 2327 2521 m

61 2578 247 2661 prosa
293 2597 571 2663 quoque.

219 2767 284 2831 2.
340 2764 530 2841 Quae
572 2765 902 2853 hucusque
945 2761 1264 2852 descripta
1306 2772 1407 2827 est
1450 2760 1965 2829 enunciationum
2012 2757 2327 2827 conditio-
2359 2782 2466 2832 755

1813 2891 1845 2923 0

64 2950 290 3017 nalium
335 2962 600 3030 natura,
646 2973 723 3017 ea
765 2972 892 3015 non
934 2962 1175 3018 tantum
1221 2973 1259 3015 a
1300 2949 1749 3039 conjunctione
1792 2933 1871 3027 (3⁸
1919 2959 1991 3015 ut
2031 2947 2327 3035 simplicis

1536 3068 1542 3075 -
1849 3042 1879 3082 ε

68 3106 442 3176 conditionis
511 3109 660 3175 nota
719 3106 1075 3196 dependet,
1141 3106 1255 3175 sed
1317 3129 1463 3172 cum
1521 3129 1639 3194 per
1695 3130 1768 3173 se
1822 3131 1901 3173 ex
1959 3109 2074 3173 sua
2129 3105 2326 3195 ipsius

71 3220 292 3288 virtute
349 3230 634 3302 constet,
708 3220 792 3287 ad
850 3221 1068 3286 similia
1110 3241 1304 3308 porro
1351 3218 1616 3307 plurima
1654 3219 1833 3286 valet.
1942 3219 2328 3307 Ubicunque

71 3333 290 3401 eadem
329 3335 624 3423 simplicis
671 3333 1047 3401 conditionis
1103 3332 1197 3398 vel
1251 3332 1377 3413 rei,
1436 3354 1601 3419 quae
1645 3354 1796 3398 num
1841 3331 2007 3400 adsit
2045 3354 2168 3399 non
2215 3354 2326 3398 cu-

73 3465 313 3524 ramus,
408 3447 770 3531 simpliciter
824 3460 1072 3514 sumtae
1129 3448 1302 3516 notio
1379 3448 1632 3528 subest,
1723 3458 2045 3515 structura
2101 3445 2329 3513 eadem

73 3557 234 3629 redit
274 3562 525 3629 ratione
569 3560 914 3628 admodum
959 3562 1150 3627 varia.

239 3753 316 3838 1)
359 3754 524 3820 Sunt
561 3750 916 3820 locutiones
959 3752 1197 3842 aliquot
1239 3752 1571 3833 concisae,
1617 3774 1786 3840 quae
1829 3772 1974 3817 cum
2020 3750 2329 3818 conditio·
2358 3783 2466 3833 756

78 3880 213 3930 nem
258 3866 315 3931 vi
350 3869 465 3933 sua
506 3866 906 3945 contineant,
947 3868 1319 3955 particulam
1367 3864 1851 3933 conditionalem
1895 3865 2191 3932 omittunt
2231 3878 2333 3932 ut-

80 3985 222 4057 pote
279 4000 316 4043 e
373 3989 669 4046 contextu
716 3983 1121 4069 superfluam.
1220 3980 1295 4047 In
1339 3980 1437 4046 his
1482 3979 1836 4068 perfectum
1880 4001 1919 4044 e
1963 3978 2220 4046 notione
2261 3976 2326 4067 §-

199 4230 257 4297 1)
295 4235 364 4287 Ut
402 4236 452 4287 in
493 4234 753 4299 hebraeis,
795 4255 837 4290 v.
879 4256 956 4306 gr.
997 4238 1136 4292 hebr.
1177 4254 1247 4291 cr.
1289 4256 1336 4305 p.
1369 4241 1491 4290 552.
