2675 4692
373 315 473 387 82
734 300 967 396 Leges
1015 300 1336 371 radicum
1362 354 1383 387 ,
1444 300 1771 394 stirpium
1797 353 1819 385 ,
1868 296 2290 367 formarum.

373 526 495 593 bus
564 524 881 614 quaedam
933 525 1213 595 ultimam
1268 523 1515 591 literam
1572 521 1978 610 geminarunt
2045 520 2246 587 solum
2271 569 2290 600 ,
2375 527 2447 584 ut
2498 520 2604 589 δυ,

372 638 692 728 quaedam
732 641 1014 706 vocalem
1056 640 1316 726 longam
1363 636 1636 704 mediam
1679 636 1919 702 habent
1976 639 2067 714 u‚·
2105 638 2165 715 i,
2210 638 2284 715 313
2341 631 2494 699 afiae
2528 655 2639 715 vos

376 753 578 818 calem
632 755 1047 841 praemissam
1108 753 1205 818 vel
1263 752 1677 842 subjunctam.
1814 748 1950 817 Sed
2009 772 2229 815 omnes
2275 748 2398 813 hae
2436 738 2639 829 tamen}

370 866 736 954 postulante
795 865 1188 935 formationis
1245 866 1397 953 lege
1452 862 1536 931 a'd
1594 863 1784 929 trium
1826 884 2126 930 sonorum
2170 859 2618 928 consonantium

374 979 678 1046 ambitum
734 1002 1082 1069 assurgere
1121 988 1423 1068 possunt;
1479 976 1622 1043 illae
1662 987 2052 1044 consonante
2092 974 2313 1043 ultima
2359 977 2455 1043 bis
2492 994 2639 1063 pro-³

369 1093 704 1173 nunciata,
799 1093 925 1159 hae
993 1093 1194 1161 vocali
1267 1093 1334 1159 in
1399 1101 1852 1159 consonantem
1908 1102 2404 1156 consentaneam
2443 1110 2617 1167 versa,

367 1229 602 1293 nempe
639 1229 692 1269 ιι
735 1228 790 1272 v.
837 1208 867 1272 ι’
905 1208 970 1273 in
1009 1206 1453 1275 semivocalem
1483 1233 1524 1282 9
1565 1230 1622 1271 v.
1667 1215 1723 1258 ις
1747 1255 1767 1284 ,
1823 1227 1870 1269 a
1910 1205 1978 1270 in
2020 1203 2311 1293 spiritum
2352 1214 2616 1292 guttura-
2638 1196 2639 1199 '

365 1337 494 1404 lem
528 1308 578 1412 ει.
686 1335 833 1410 Qua
893 1338 1140 1406 ratione
1195 1361 1558 1428 quanquam
1599 1328 1851 1402 radices
1893 1335 2019 1403 hae
2058 1358 2251 1401 unam
2294 1346 2617 1423 sequuntur

370 1445 804 1538 eandemque,
893 1456 1020 1538 qua
1099 1475 1317 1518 omnes
1387 1462 1734 1537 reguntur,
1831 1448 2140 1515 vocalium
2194 1446 2639 1514 variandamm‘

365 1560 614 1648 legem:
682 1562 856 1630 haud
911 1574 1122 1631 tamen
1179 1566 1346 1633 intra
1400 1586 1510 1630 eas
1568 1561 1876 1628 vocalium
1929 1562 2377 1650 pronunciatio
2440 1578 2618 1648 aeque

363 1675 604 1742 stabilis
680 1686 760 1761 et,
806 1669 1149 1764 perspicua
1197 1700 1339 1744 esse
1400 1687 1614 1765 potest
1667 1686 1862 1763 atque
1911 1675 2079 1743 intra
2140 1674 2400 1744 radices
2455 1674 2639 1743 trium?

366 1789 850 1857 consonantium
905 1789 1194 1856 fortium:
1260 1788 1432 1856 unde
1483 1788 1711 1854 harum
1769 1784 2063 1853 formatio
2104 1789 2321 1871 firma,
2382 1812 2532 1857 sana
2566 1799 2639 1856 et}

362 1922 626 1968 normae
664 1901 865 1970 instar
908 1899 1205 1981 habenda
1247 1912 1379 1982 est3
1419 1898 1664 1967 iliarum
1709 1898 1932 1966 debilis
1975 1909 2042 1967 et
2081 1900 2286 1969 minus
2332 1902 2639 1992 perfecta-T

358 2011 788 2104 Praestatque
841 2013 926 2081 de
968 2013 1093 2081 hac
1137 2011 1512 2081 formatione
1554 2011 1742 2080 debili
1782 2011 1849 2078 in
1891 2012 2247 2102 appendice
2287 2037 2511 2103 agere.

228 2234 335 2284 150
379 2194 386 2203 ⁸
523 2203 628 2272 Ex
685 2204 813 2273 bac
867 2201 1157 2269 radicum
1211 2201 1684 2272 formandarum
1741 2205 1893 2293 lege
1934 2206 2243 2273 maximus
2287 2206 2497 2275 oritur
2530 2226 2617 2272 ra·

260 2323 300 2389 †
357 2318 572 2384 dicum
614 2316 1021 2384 triliterarum
1066 2339 1368 2382 numerus
1409 2338 1648 2405 neque,
1713 2330 1786 2387 ut
1827 2319 1893 2385 in
1934 2318 2257 2386 radicibus
2297 2319 2617 2407 indo-ger·

351 2431 648 2505 manicis,
705 2416 997 2495 radicum
1057 2429 1279 2496 literae
1339 2429 1425 2495 ad
1467 2452 1656 2495 unam
1699 2430 2003 2521 syllabam
2049 2434 2530 2501 conformentur
2566 2440 2620 2498 et

351 2554 587 2610 coeant
659 2564 924 2608 necesse
987 2551 1103 2607 oet.
1226 2542 1366 2608 Imo
1424 2542 1654 2609 radicis
1711 2545 2152 2631 pronunciatio
2216 2548 2284 2612 in
2343 2547 2618 2614 omnibus

350 2656 572 2722 formis
612 2655 676 2720 in
719 2654 895 2718 duas
937 2652 1204 2740 syllabas
1247 2655 1486 2741 vergit,
1549 2665 1623 2722 ut
1660 2657 1873 2724 media
1913 2657 2238 2740 radicalis,
2296 2662 2420 2729 nisi
2462 2672 2620 2727 muts

348 2769 466 2849 sit,
511 2766 796 2833 vocalem
837 2775 1054 2833 teneat
1094 2775 1160 2833 et
1202 2780 1537 2833 accentum
1578 2769 1993 2857 potissimum.
2084 2770 2224 2838 Sed
2266 2795 2617 2864 quanquam

348 2881 439 2946 ita
504 2879 701 2946 multo
767 2901 957 2967 quam
999 2879 1064 2944 in
1104 2877 1658 2966 indo-germanica
1697 2881 1916 2970 lingua
1958 2885 2161 2975 major
2203 2889 2417 2955 oritur
2465 2886 2619 2955 radi·

348 3014 496 3058 cum
557 3013 893 3070 numerus,
969 2992 1143 3058 haud
1196 3004 1407 3060 tamen
1468 3015 1687 3061 omnes
1745 2995 1964 3083 quovis
2021 2999 2248 3066 ordine
2308 3003 2526 3071 literas
2565 3003 2639 3067 in¹

344 3102 567 3170 radice
625 3103 929 3192 copulare
984 3105 1132 3172 licet
1178 3103 1267 3191 ¹).
1380 3104 1745 3172 Literarum
1801 3112 2198 3195 quarundam
2250 3138 2619 3193 concursus,

346 3239 494 3283 cum
526 3238 645 3304 per
683 3240 759 3283 se
797 3216 1090 3305 ingratus
1134 3229 1201 3285 et
1231 3217 1501 3284 difficilis
1543 3217 1656 3297 sit,
1700 3216 1923 3285 sedulo
1971 3226 2276 3295 evitatur:
2338 3230 2421 3314 1)
2464 3228 2619 3295 duae

343 3330 592 3418 priores
631 3328 940 3397 radicales
984 3331 1081 3397 vix
1127 3354 1405 3420 unquam
1445 3330 1709 3398 eaedem
1750 3345 1929 3416 sunt;
1986 3340 2177 3407 tertia
2220 3353 2447 3410 autem
2486 3363 2617 3410 sae-

343 3441 601 3529 pissime
649 3464 727 3507 ex
769 3442 1051 3509 secunda
1089 3466 1258 3530 quae
1302 3444 1660 3532 ‚antiquitus
1702 3445 1921 3513 ultima
1963 3448 2086 3518 fuit
2127 3450 2230 3542 (ἓ,
2260 3456 2466 3542 149),
2509 3476 2617 3542 ge·

342 3554 579 3620 minata
630 3565 774 3621 orta
831 3552 968 3636 est:
1031 3555 1096 3621 in
1161 3558 1452 3623 omnibus
1496 3580 1705 3644 paene
1749 3560 1965 3627 formis
2012 3564 2095 3630 ab
2138 3563 2265 3632 hac
2306 3566 2487 3635 haud
2531 3566 2617 3632 di·

444 3847 508 3915 1)
543 3845 612 3899 cf.
667 3863 746 3913 gr.
801 3845 944 3900 hebr.
993 3861 1067 3899 cr.
1119 3865 1171 3916 p.
1211 3852 1330 3903 167.
1379 3856 1499 3908 168,
1548 3857 1672 3911 min.
1704 3859 1758 3922 S.
1782 3861 1889 3912 162
1932 3858 2024 3912 nbi
2059 3856 2296 3927 pluribus
2331 3854 2434 3910 hnc
2466 3857 2533 3910 dc
2564 3872 2619 3911 re

550 3935 760 3989 dictum.
852 3937 1080 3991 Arabum
1123 3944 1447 4003 grammatici
1494 3946 1668 3998 literas
1716 3945 2141 4016 incompatibiles
2188 3947 2356 4000 dictas
2409 3964 2621 4001 enume-

451 4014 464 4025 ·
545 4026 817 4081 rauthan:
874 4022 1523 4137 mumanae-5253
1585 4024 2235 4119 &Ekuouhffl03
2300 4022 2616 4133 &5533

537 4137 865 4250 &5323
935 4157 1078 4240 Δὸς
1141 4156 1309 4245 233
1369 4154 1733 4249 ῥὲυὸωοε
1802 4167 2173 4252 nauhu&
2235 4171 2468 4255 &2053
2533 4194 2621 4254 uo

527 4276 1412 4387 0222312253·1÷sg;
1476 4278 1981 4388 5553353
2044 4297 2219 4389 30.
