2675 4692
318 355 370 422 4
1092 288 1099 295 -
1173 329 1715 424 prolegomena.

325 531 472 589 sunt
510 514 905 584 auxiliaria
922 563 940 591 ,
984 535 1150 603 quae
1189 510 1478 578 Hebraei
1519 509 1853 596 ignorant3
1898 500 2120 569 formis
2155 495 2593 588 geminatione

323 635 649 702 literarum
706 628 1073 696 radicalium
1130 625 1315 693 sactis
1377 621 1744 690 intensivis
1764 668 1783 699 ‚
1845 615 2157 685 Arabibus
2213 611 2366 679 satis
2425 606 2595 673 raris

327 757 393 812 et
433 741 677 811 evitatis
733 740 847 830 (ut
899 752 1046 809 sunt
1102 762 1141 805 e
1182 738 1317 808 solo
1360 757 1552 805 sensu
1588 732 1852 823 physico
1909 724 2308 813 derivatae),
2380 707 2598 788 forma

328 856 577 946 adjecta
599 866 698 922 est
728 854 923 941 longe
954 853 1344 942 frequentior
1371 844 1788 936 superlativi
1807 865 1988 923 nova,
2026 837 2342 906 Hebraeis
2360 835 2600 921 ignota

329 976 465 1057 (gr.
481 968 625 1034 min.
645 963 709 1057 §.
730 964 915 1051 w).
971 966 1165 1034 Unde
1185 984 1488 1053 magnum
1504 958 1683 1028 simul
1708 957 1839 1046 peti
1879 965 2094 1044 potest
2130 949 2599 1040 grammaticae

326 1081 510 1175 hujus
553 1080 813 1168 linguae
853 1081 1018 1146 bene
1060 1076 1432 1155 tractandae
1472 1071 1871 1163 praesidium.
1981 1067 2151 1134 Nam
2198 1074 2272 1131 ut
2309 1061 2601 1128 Arabum

324 1194 545 1282 lingua
602 1192 904 1260 ditissima
972 1203 1039 1258 et
1092 1186 1427 1278 purissima
1487 1185 1682 1255 multa
1752 1206 1831 1249 ex
1910 1178 2277 1267 antiquitate
2343 1184 2602 1239 remota

326 1306 598 1374 servavit
659 1328 826 1394 quae
881 1304 978 1372 vel
1043 1306 1105 1370 in
1164 1305 1442 1370 hebraea
1497 1301 1702 1365 minus
1755 1297 2010 1383 integra
2050 1303 2199 1361 sunt
2240 1301 2309 1356 et
2345 1285 2599 1377 perspi-

328 1441 481 1486 cua:
547 1418 636 1486 ita
700 1441 919 1486 rursus
986 1416 1300 1505 antiquior
1367 1425 1432 1482 et
1494 1436 1660 1502 quae
1717 1406 2066 1498 antiquitati
2113 1403 2180 1470 in
2235 1402 2603 1468 universum

324 1531 572 1597 fidelior
625 1531 888 1612 mansit,
960 1528 1278 1597 censenda
1335 1538 1434 1595 est
1486 1528 1799 1605 hebraea;
1864 1532 1936 1588 ut
1983 1519 2279 1585 arabicae
2316 1510 2603 1607 indolem

210 1654 217 1663 ‘
326 1656 393 1712 et
454 1667 697 1723 causas,
744 1666 933 1710 nemo
988 1642 1192 1731 possit
1245 1641 1441 1707 tutius
1492 1652 1559 1707 et
1613 1637 1819 1703 verius
1863 1632 2209 1701 intellectas
2254 1629 2601 1717 explicare,

326 1780 518 1845 quam
559 1756 665 1845 qui
707 1757 1026 1824 hebraeae
1067 1742 1329 1843 linguae
1370 1753 1452 1821 sit
1494 1750 1926 1839 gnarissimus.
2026 1746 2336 1811 Aramaea
2380 1751 2602 1807 autem

326 1869 631 1937 dialectus
692 1892 937 1959 pauper
992 1879 1060 1936 et
1112 1868 1251 1956 ipsa
1310 1866 1588 1931 hebraea
1642 1861 1843 1930 serior
1901 1856 2097 1925 multa
2151 1855 2346 1921 habet
2385 1853 2599 1941 arabi-

326 2006 445 2049 cae
501 1983 756 2064 similia,
836 1992 907 2049 ut
970 1981 1219 2069 linguas
1291 1974 1593 2066 temporis
1649 1994 2002 2065 progressu
2041 1968 2420 2037 mutationes
2463 1964 2602 2054 pati

324 2096 716 2164 necessarias
759 2105 841 2163 et·
866 2104 1229 2161 constante·
1273 2090 1507 2160 videas.

256 2207 297 2319 8.
495 2263 645 2330 Non
701 2274 914 2331 autem
981 2264 1101 2347 suit
1159 2262 1324 2330 haec
1382 2284 1501 2351 per
1567 2261 1900 2326 Koranum
1942 2251 2333 2343 potissimum
2374 2246 2599 2313 nobili-

325 2387 458 2444 tata
501 2378 783 2443 Arabum
833 2376 1053 2464 lingua
1104 2358 1447 2464 antiquitus
1508 2395 1623 2463 per
1659 2371 2050 2447 universam,
2106 2386 2359 2453 quaqua
2414 2369 2604 2449 patet
2673 2434 2675 2439 ,

324 2488 623 2556 latissime
637 2538 657 2570 ,
719 2489 1019 2556 Arabiam
1064 2490 1193 2557 'sibi
1249 2500 1543 2557 constans
1586 2497 1654 2552 et
1691 2479 2054 2573 aequabilis.
2163 2475 2602 2545 Dialectorum

323 2601 653 2689 ingentem
737 2601 932 2669 fuisse
999 2581 1329 2668 numerum
1397 2612 1464 2668 et
1515 2599 1609 2665 rei
1664 2609 1893 2665 natura
1943 2593 2175 2682 probat
2228 2598 2293 2655 et
2356 2584 2605 2652 diserta

329 2713 644 2803 quaedam
685 2714 1068 2803 scriptorum
1111 2715 1512 2782 arabicorum
1554 2708 1911 2781 testimonia
1957 2705 2045 2792 ¹).
2148 2700 2285 2768 Sed
2338 2708 2603 2789 praeter

327 2827 721 2915 singularum
778 2830 1057 2896 tribuum
1101 2828 1404 2899 dialectos
1444 2825 1636 2893 iidem
1691 2822 2034 2909 scriptores
2075 2814 2151 2907 ²)
2217 2814 2302 2880 de
2353 2833 2599 2899 magno

327 2939 667 3029 loquuntur
724 2941 897 3030 quod
936 2943 1101 3009 inter
1153 2942 1426 3009 Arabiae
1479 2936 1731 3006 mediae
1782 2935 1982 3003 tribus
2038 2941 2105 2998 et
2157 2926 2600 3017 Himjarenses

327 3054 634 3120 Jemanae
674 3053 911 3123 incolas
959 3041 1150 3125 suerit
1191 3056 1450 3144 linguae
1490 3049 1864 3119 discrimine.
1926 3043 2318 3131 Videturque
2349 3038 2602 3127 Himja-

327 3167 608 3235 rensium
670 3168 924 3256 lingua,
997 3171 1052 3237 si
1109 3192 1188 3236 ex
1244 3165 1634 3258 paucissimis
1677 3163 1812 3255 ejus
1855 3157 2135 3246 vestigiis
2192 3155 2602 3243 linguaeque,

330 3302 498 3368 quae
559 3281 619 3346 ei
676 3281 962 3369 proxime
1025 3294 1304 3371 cognata
1361 3279 1585 3355 fuerit,
1652 3271 2048 3361 aethiopicae
2101 3267 2343 3335 vicinae
2382 3263 2603 3330 indole

329 3415 435 3458 res
484 3393 836 3483 judicanda
898 3405 1030 3478 est,
1108 3393 1448 3482 antiquiori
1508 3388 1783 3457 sermoni
1835 3386 2043 3452 minus
2099 3380 2266 3447 culto
2322 3377 2604 3465 ideoque

331 3506 655 3575 hebraeae
732 3507 1006 3576 dialecto
1085 3507 1343 3575 similior
1407 3505 1618 3573 fuisse.
1763 3502 2143 3588 Quanquam
2203 3490 2375 3559 haud
2428 3489 2603 3556 adeo

331 3642 635 3709 magnam
696 3620 891 3689 fuisse
951 3621 1086 3713 ejus
1154 3608 1714 3689 dissimilitudinem
1759 3610 1982 3683 eadem
2013 3611 2257 3700 'probat
2291 3603 2606 3672 remotior

416 3879 475 3947 1)
530 3880 596 3932 de
644 3882 866 3934 tribuum
914 3883 1112 3949 aliquot
1164 3881 1435 3934 idiotismis
1479 3860 1533 3929 r.
1569 3875 1746 3928 Hariri
1793 3878 1848 3926 et
1895 3871 1982 3924 alii
2016 3845 2152 3939 apud
2187 3872 2353 3936 sacy,
2409 3865 2517 3920 chr.
2557 3866 2603 3921 1.

544 3986 593 4039 p.
631 3974 752 4024 406.
802 3972 992 4026 anthol.
1044 3990 1116 4027 ar.
1154 3992 1205 4043 p.
1235 3977 1321 4025 64.
1360 3975 1445 4023 78.
1483 3973 1569 4021 89.
1612 3972 1731 4020 117.
1771 3969 1889 4018 168.
1944 3968 2073 4016 text.
2128 3976 2201 4013 ar.
2252 3958 2477 4012 Nuwairi
2511 3973 2601 4026 ap.

545 4061 746 4114 Reiske
781 4063 848 4115 ad
883 4063 1055 4117 Abulf.
1092 4065 1156 4117 A.
1189 4062 1255 4115 Τ.
1293 4066 1345 4114 3.
1385 4078 1434 4129 p.
1456 4064 1563 4111 380
1594 4074 1704 4123 sqq.

411 4186 476 4255 2)
532 4204 579 4241 v.
631 4188 1020 4244 Iba-Khaldnn
1070 4209 1154 4260 ap.
1211 4192 1349 4256 Sacy
1400 4185 1535 4241 anth.
1588 4205 1635 4255 p.
1677 4187 1779 4237 169
1827 4198 1937 4249 sqq.
1986 4183 2116 4233 text.
2154 4193 2228 4231 ar.
2265 4179 2316 4230 in
2349 4175 2602 4229 disserta·

540 4279 677 4330 tione
738 4283 1000 4351 scriptoris
1056 4281 1214 4333 sobrii
1266 4278 1540 4333 admodum
1604 4290 1739 4326 sana.
1847 4272 2093 4325 Pocockii
2161 4286 2299 4339 spec.
2356 4268 2468 4320 hist.
2505 4268 2600 4319 Ar.

542 4386 592 4437 p.
634 4374 735 4424 156
771 4389 847 4443 sq.
