2675 4692
778 318 894 394 De
943 325 1186 396 forma
1232 327 1628 398 literarum.
2235 341 2336 415 37

38 498 41 591 j
106 505 243 594 Syris
275 527 532 593 quoque
574 528 828 595 semper
869 508 959 576 ita
998 508 1137 577 sine
1166 508 1476 600 junctura
1535 508 1778 597 positas
1798 557 1816 588 ,
1877 510 2113 600 quippe
2167 533 2336 600 quae

38 602 39 695 s
102 619 463 708 sequentibus
517 618 783 709 junctae
849 632 981 690 aut·
1023 644 1173 689 cum
1237 622 1373 691 aliis
1433 621 1620 689 facile
1683 622 2185 706 confundantur,
2261 635 2337 694 ut

84 764 147 811 μ,
189 741 253 808 ³,
297 746 410 802 aut
453 737 543 801 ob
586 734 848 804 ductum
887 735 1053 803 infra
1093 735 1325 803 lineam
1367 735 1802 826 depressum
1773 739 1965 829 Jungi
1995 737 2335 807 commode

38 859 391 969 nequeant.
517 848 597 916 In
660 848 788 914 fine
842 858 1058 916 tamen
1114 872 1346 918 vocum
1401 849 1803 917 inveniuntur
1859 852 1926 919 in
1983 850 2180 920 MSS.
2252 862 2333 927 Δ,

38 991 154 1037 J
209 975 288 1045 ᾖ,
354 997 402 1044 0
480 960 782 1053 adjuncto
834 963 947 1029 He
1005 957 1176 1029 finali
1232 964 1478 1051 absque
1537 964 1964 1031 incommodo.
2091 965 2172 1052 2)
2231 966 2335 1033 Ita

38 1075 257 1162 igitur
317 1078 373 1142 si
441 1074 839 1164 praecedens
905 1074 1150 1164 alligari
1210 1099 1284 1143 se
1347 1078 1640 1167 sequenti
1694 1079 1974 1166 patitur,
2039 1075 2204 1143 linea
2249 1079 2332 1143 ab

38 1188 179 1255 illa
222 1188 541 1277 producta
592 1199 931 1278 utramque
960 1190 1210 1281 jungit,
1274 1212 1403 1280 qua
1443 1191 1596 1280 ipsa
1637 1190 1867 1259 ductus
1910 1189 2132 1261 literae
2172 1213 2333 1258 ιιοιι-

38 1306 39 1313 ’
98 1324 381 1391 nunquam
424 1304 586 1370 mire
627 1304 1056 1385 contrabitur,
1121 1304 1293 1373 velut
1331 1317 1370 1356 ⁸
1410 1327 1492 1374 ex
1536 1320 1616 1383 ε,
1667 1326 1702 1393 ς
1741 1326 1823 1371 ex
1861 1324 1891 1377 τι
1911 1345 1935 1384 ,
1983 1332 2036 1389 )
2089 1316 2157 1374 et
2219 1303 2334 1373 de-

38 1413 927 1510 ‚indesex;,0ex
1013 1416 1783 1504 vus-velqexss'·
1961 1417 2333 1503 3)Contra

98 1553 217 1597 vero
266 1532 375 1598 nbi
436 1530 698 1613 literae,
771 1554 939 1620 quae
988 1533 1279 1620 sequenti
1314 1531 1506 1624 jungi
1552 1542 1851 1620 possunt,
1908 1531 1974 1598 in
2014 1532 2143 1599 fine
2187 1542 2334 1601 sunt

38 1642 41 1725 5
99 1668 317 1727 vocum,
399 1645 637 1713 ductus
697 1645 807 1732 qui
865 1643 1140 1732 alioquin
1196 1649 1377 1715 recta
1435 1644 1889 1751 producendus
1936 1656 2137 1727 esset,
2227 1656 2338 1714 aut

100 1760 466 1849 abrumpitur
520 1759 685 1825 infra
728 1757 957 1825 lineam
1018 1738 1454 1843 descendens,
1525 1770 1600 1828 ut
1638 1785 1720 1858 ρ,
1799 1770 1866 1831 et
1937 1781 2084 1827 cum
2142 1758 2341 1829 ductu

38 1882 41 1905 *
100 1872 339 1962 flffiqllos
365 1865 678 1950 ΠῐῑΠι),
735 1903 861 1951 0⁶⁵2
920 1863 1048 1951 0³⁰²>
1103 1891 1243 1951 0⁶²,
1299 1887 1438 1954 μ)
1496 1886 1615 1952 ⁴³²³
1675 1910 1770 1960 ω)
1828 1911 1919 1951 σι
1967 1886 2065 1962 ξι
2120 1886 2219 1964 ξ)
2267 1891 2342 1963 ζ)

38 1992 41 2049 ὲ
105 1998 191 2054 ant
222 1985 621 2077 protenditur
672 1985 843 2076 plus,
901 1999 974 2055 ut
1012 1988 1079 2053 in
1119 2006 1228 2065 ῳ,
1282 1982 1383 2066 ὦ,
1431 1988 1542 2055 ubi
1582 1999 1798 2055 tamen
1840 2008 2038 2075 saepe
2079 1985 2342 2055 ductum

38 2099 405 2183 leviuscule
464 2099 963 2168 descendentem
1027 2097 1206 2168 simili
1267 2102 1513 2170 ratione
1579 2100 2086 2184 animadvertas3
2158 2101 2226 2168 in
2275 2088 2343 2154 ἃ

38 2212 299 2299 ductus
369 2238 524 2283 cum
592 2214 714 2281 levi
777 2214 1101 2284 erectione
1164 2216 1599 2304 abrumpitur,
1675 2214 1914 2285 inserto
1972 2202 2155 2285 simul
2203 2213 2341 2303 ple-

38 2272 41 2447 ᾗ
100 2350 368 2419 rumque,
457 2328 567 2418 qui
623 2329 968 2418 antiquitus
1040 2329 1192 2397 huuc
1256 2328 1478 2399 literae
1538 2328 1710 2397 finali
1763 2330 2068 2410 inhaesit,
2129 2328 2343 2405 ductu

100 2444 350 2530 quodam
381 2442 497 2532 ¹);
554 2443 619 2510 in
663 2432 896 2508 solob
937 2440 1088 2509 nihil
1127 2445 1358 2511 mutari
1399 2443 1623 2533 potuit.
1736 2458 1777 2518 ε-
1836 2452 2091 2522 autem,
2175 2463 2343 2529 quae

100 2555 250 2625 litera
287 2556 467 2648 apud
514 2558 719 2648 Syros
760 2555 1053 2644 sequenti
1094 2554 1270 2623 haud
1298 2557 1629 2648 jungitur,
1673 2579 1802 2625 non
1844 2555 2110 2627 ductum
2150 2554 2347 2625 habet

101 2684 218 2759 post
277 2695 353 2739 se
424 2669 799 2739 mutandum
864 2681 1339 2751 manentemve,
1428 2668 1547 2739 sed
1605 2670 1884 2757 figuram
1940 2670 2128 2763 paulo
2192 2691 2346 2736 con-

105 2788 445 2854 tractiorem
516 2787 984 2873 abruptamque
1037 2794 1073 2837 ὃ
1086 2826 1112 2861 ,
1160 2798 1189 2837 8
1207 2820 1231 2845 ο
1382 2784 1475 2857 Et
1536 2807 1831 2855 mansere
1891 2794 2227 2876 praeterea
2279 2783 2345 2851 in

103 2898 362 2968 finalibus
429 2899 764 2986 antiquae,
830 2920 999 2988 quae
1061 2900 1144 2964 ab
1187 2899 1439 2987 origine
1478 2900 1723 2987 figuras
1764 2922 1984 2967 omnes
2025 2899 2346 2969 literarum

100 3016 401 3145 paullatim
441 3012 876 3083 coalescentes
918 3010 1251 3094 discrevit,
1317 3013 1675 3101 scripturae
1716 3013 1988 3102 vestigia
2028 3010 2345 3102 quaedam

104 3136 344 3219 aperta,
390 3129 563 3197 velut
604 3126 836 3196 ductus
881 3125 1232 3218 obliquus
1212 3148 1279 3191 ιιι
1323 3137 1381 3198 «ἐ
1422 3150 1502 3193 ex
1545 3138 1572 3175 ⁵
1617 3124 1936 3196 derivatus
1977 3127 2067 3194 ita
2107 3125 2345 3195 discer-

106 3244 179 3311 nit
207 3244 455 3312 literam
490 3243 660 3309 banc
700 3264 742 3308 a
786 3260 905 3318 u,
960 3235 1037 3294 ἃ
1060 3283 1083 3318 ,
1125 3240 1506 3329 quibuscum
1562 3239 1713 3307 alias
1770 3237 2215 3319 confunditur,
2271 3250 2347 3306 ut

108 3358 454 3448 saepissime
489 3356 588 3424 vel
630 3355 769 3422 sine
810 3354 1060 3443 punctis
1112 3353 1452 3422 diacriticis
1503 3354 1857 3434 scribatur,
1915 3389 1974 3438 ω
2013 3374 2165 3422 vero
2208 3350 2344 3418 lon-

112 3472 229 3559 gius
269 3471 649 3562 depressum
692 3492 884 3558 quam
929 3490 1046 3544 ue,
1094 3463 1168 3520 εἴ*
1212 3490 1291 3533 ex
1335 3467 1596 3555 antiqua
1635 3466 1856 3537 literae
1901 3465 2104 3533 forma
2149 3475 2210 3553 3,
2257 3475 2342 3569 κς

112 3607 276 3671 porro
314 3598 378 3642 Φ
423 3585 621 3652 sinum
664 3584 864 3651 habet
904 3584 968 3650 in
1007 3591 1307 3650 accurata
1351 3582 1665 3670 scriptura
1708 3579 2107 3649 decliviorem
2156 3600 2347 3668 quam

114 3710 185 3776 θ,
245 3700 485 3789 quippe
549 3721 631 3764 ex
691 3705 739 3782 ,
800 3699 1171 3766 derivatum.
1268 3695 1553 3765 Possunt
1590 3704 1804 3765 tamen
1841 3693 1923 3784 4)
1965 3692 2183 3761 literae
2226 3691 2348 3757 hae

116 3813 302 3881 finales
365 3825 436 3880 et
480 3813 654 3880 solae
707 3815 932 3894 scribi,
990 3824 1103 3880 aut
1142 3809 1316 3900 quod
1358 3806 1825 3899 praecedenti
1796 3805 1985 3896 Jungi
2028 3814 2351 3892 nequeunt

117 3930 211 4013 (ex
246 3953 306 3995 n.
344 3928 492 4017 ¹)),
557 3937 670 3995 aut
729 3924 905 4016 quod
944 3948 1206 4015 prorsus
1250 3922 1566 3992 solitariae
1608 3931 1960 4012 ponuntur,
2028 3917 2132 4009 (id
2176 3915 2351 4006 quod

120 4041 170 4106 in
223 4043 523 4111 continua
581 4041 895 4132 scriptura
912 4093 931 4123 .,
1020 4063 1147 4130 qua
1230 4038 1400 4107 nulla
1466 4058 1588 4103 vox
1665 4057 1795 4103 una
1846 4034 2025 4103 litera
2101 4041 2360 4129 constat*

204 4355 261 4421 ι)
293 4355 362 4408 es.
408 4342 455 4423 ἦ
488 4354 627 4409 hebr.
