2675 4692
271 244 421 321 216
597 239 715 309 De
766 237 1147 308 nominum
1199 233 1542 329 junctura
1591 244 1666 305 et
1713 230 2216 306 declinatione.

275 444 507 491 vocare
545 424 758 502 lubet,
827 443 867 486 a
910 430 1169 486 nostrae
1209 418 1471 506 linguae
1512 417 1770 515 cadhus
1812 416 2187 486 alienissimi.
2306 415 2387 483 Ῑιι
2430 415 2575 480 for-

276 536 394 602 mis
451 534 775 602 nominum
831 532 1039 601 multis
1096 553 1223 598 non
1289 520 1459 600 sunt'
1489 533 1579 599 ita
1634 531 1751 599 nisi
1809 531 1948 597 duo
2001 552 2190 599 casus
2246 526 2571 597 distincti:

276 632 752 713 nominatione
811 659 878 715 et
930 670 1136 712 casus
1189 644 1512 735 obliquus
1521 668 1549 724 3
1613 644 1719 712 hic
1761 666 1912 711 vero
1952 644 2018 712 in
2059 643 2279 711 formis
2321 653 2392 710 ct
2434 641 2574 736 fre-

276 757 708 846 quentioribus
751 771 819 827 et
859 759 1146 826 varietati
1191 757 1545 847 aptioribus
1587 755 1943 826 distinctius
1982 779 2204 825 rursus
2244 754 2311 822 in
2349 779 2577 822 accu-

271 872 584 939 sativum
627 883 695 940 et
729 873 1135 961 genitivum
1181 872 1299 959 (ea
1340 874 1468 960 qua
1504 868 1572 962 §.
1603 870 1734 939 330
1774 870 2044 940 diximus
2082 870 2347 959 genitivi
2388 870 2575 959 posi-

277 986 450 1051 tione
507 985 906 1074 necessaria)
967 1010 1113 1055 sese
1170 986 1465 1069 diremit3
1531 985 1697 1054 ultra
1735 996 1871 1054 tres
1912 995 2128 1054 autem
2172 1007 2362 1052 casus
2400 984 2577 1052 tales

276 1098 764 1188 distinguendos
819 1100 1040 1189 lingua
1112 1099 1471 1168 secundum
1532 1098 1813 1168 indolem
1867 1123 2052 1167 suam
2106 1096 2173 1189 S.
2220 1097 2354 1166 330
2414 1121 2577 1187 pro-

275 1211 467 1299 gredi
527 1211 703 1279 haud
766 1225 1038 1302 poterat.
1149 1214 1502 1305 Possisque
1554 1237 1822 1282 casuum
1877 1213 2151 1281 duorum
2191 1211 2577 1281 declinatio-

278 1349 422 1394 nem
466 1338 619 1417 apte
659 1327 1190 1416 simpliciorem,
1252 1328 1518 1397 alteram
1550 1325 2043 1416 perfectiorem
2083 1322 2318 1392 dicere.

150 1584 257 1633 333
447 1546 814 1615 Persectior
867 1544 1206 1618 declinatio
1265 1550 1335 1616 iu
1387 1546 1751 1635 singulari
1810 1545 2022 1616 locum
2079 1568 2267 1615 suum
2310 1545 2578 1627 invenit,

278 1671 416 1726 tum
456 1671 643 1729 sueto
686 1659 1029 1747 singulari,
1086 1674 1223 1730 tum
1259 1662 1417 1729 sem.
1463 1682 1565 1747 sg.
1606 1661 1772 1765 §.⁶.‚
1814 1672 1954 1728 tum
1995 1659 2305 1728 collectivi
2348 1661 2580 1728 formis

280 1791 618 1875 similibus,
679 1782 827 1861 cum
875 1793 1269 1863 collectivum
1313 1816 1437 1884 per
1489 1816 1563 1861 se
1602 1815 1703 1882 sg.
1747 1815 1893 1861 esse
1940 1816 1979 1861 e
2018 1791 2084 1886 §.
2125 1794 2255 1862 304
2298 1805 2580 1863 constet.

283 1907 433 1971 Hae
488 1906 656 1973 enim
721 1905 968 1974 formae
1025 1908 1286 1996 linguae
1328 1907 1882 1998 frequentissimae
1923 1917 2080 1977 sunt
2120 1919 2187 1975 et
2228 1908 2583 1976 maximam

281 2034 532 2110 partem
590 2034 985 2093 consonante
1041 2021 1193 2090 forti
1247 2024 1643 2091 terminatae.
1739 2023 1816 2090 In
1859 2022 1957 2091 his
1998 2024 2199 2113 igitur
2234 2023 2583 2091 nominati-

282 2158 395 2204 vus
438 2134 656 2204 vocali‘
682 2159 732 2202 ιι
776 2135 1110 2205 distinctus
1154 2149 1253 2204 est
1264 2162 1290 2217 ,-
1350 2162 1431 2218 a,
1470 2137 1581 2226 qui
1627 2136 1691 2203 in
1721 2136 1981 2227 paucis,
2028 2159 2195 2227 quae
2236 2134 2404 2205 duos
2432 2156 2583 2205 tan-

283 2264 419 2317 tum
463 2273 651 2318 casus
691 2249 1086 2318 discernunt·
1109 2250 1351 2331 formis,
1397 2272 1584 2316 casus
1630 2250 1867 2341 obliqui
1909 2270 2104 2318 sonus
2126 2262 2225 2319 est
2254 2246 2359 2341 (§.
2378 2250 2579 2338 338),

281 2367 346 2431 in
405 2364 696 2453 perfecta
749 2361 1174 2431 declinatione
1225 2363 1630 2429 accusativo
1679 2363 1768 2432 ita
1825 2365 2086 2447 mansit,
2155 2375 2230 2433 ut
2281 2365 2345 2431 in
2388 2367 2581 2454 geni-

284 2480 411 2546 tivo
473 2500 591 2567 pro
646 2501 727 2544 eo
788 2477 817 2541 i
870 2487 1258 2566 compareat.
1356 2477 1568 2563 Atque
1608 2476 1697 2545 ita
1740 2476 1975 2567 duplex
2019 2478 2354 2548 declinatio
2405 2482 2582 2571 sing.

285 2592 373 2658 ita
430 2592 658 2659 habet.
728 2589 1036 2680 plurimae
1098 2589 1346 2656 formae
1385 2590 1578 2659 trium
1621 2615 1890 2662 casuum
1932 2605 2114 2662 sunt.
2182 2617 2231 2659 u
2276 2618 2485 2680 nom.‚
2550 2598 2582 2662 i

284 2726 477 2794 gen„
519 2727 568 2770 a
605 2725 784 2786 acc.;
828 2703 1168 2793 pauciores
1213 2701 1523 2774 duorum:
1570 2729 1619 2771 ιι
1661 2729 1867 2792 ιιοιιι.,
1910 2733 1958 2775 a
2002 2731 2133 2777 cas.
2175 2709 2305 2778 obl.

156 2970 265 3021 aa*
329 2982 336 2987 -
453 2931 532 2999 In
581 2930 684 3019 pl.
746 2940 996 2999 autem·
1031 2940 1098 2998 et
1161 2927 1283 2999 du.
1340 2953 1599 3022 semper
1664 2933 2010 3025 simplicior
2073 2936 2418 3010 declinatio
2468 2965 2583 3011 ca-

286 3067 472 3112 suum
529 3043 807 3113 duorum
865 3056 1100 3134 regnat
1118 3094 1139 3127 ,
1209 3066 1332 3134 pro
1378 3046 1890 3118 terminationum
1931 3048 2147 3116 indole
2188 3050 2363 3119 varia
2407 3055 2585 3125 varie

284 3187 652 3254 efformata.
700 3185 775 3272 1)
819 3186 967 3253 fem.
988 3186 1071 3276 pl.
1114 3159 1286 3241 0¹5-
1332 3201 1791 3259 consonantem
1832 3191 2086 3259 finalem
2108 3192 2359 3262 firmam
2384 3196 2589 3268 habet

287 3299 601 3367 vocalium
658 3298 948 3369 varietati
1002 3301 1275 3368 maxime
1314 3301 1647 3388 idoneam3
1702 3305 1902 3394 igitur
1937 3316 2088 3396 post
2128 3315 2162 3370 t
2202 3307 2269 3374 in
2314 3331 2484 3401 nom.
2529 3334 2583 3375 u

288 3429 422 3489 est,
489 3435 751 3503 prorsus
797 3425 868 3482 ut
910 3413 973 3480 in
1019 3436 1120 3503 sg.
1164 3412 1229 3506 §.
1266 3416 1431 3499 333,
1492 3429 1559 3486 at
1609 3417 1674 3484 in
1731 3441 1890 3487 casu
1947 3419 2209 3509 obliquo
2249 3445 2587 3511 nunquam

288 3553 368 3603 a,
420 3526 538 3594 sed
588 3527 650 3607 i,
708 3526 1115 3597 antecedenti
1182 3529 1424 3600 scilicet
1477 3530 1517 3594 a
1572 3552 1653 3596 ex
1707 3527 1773 3622 §.
1813 3533 1938 3601 156
1981 3536 2148 3602 bene
2193 3538 2586 3627 oppositum.

291 3642 373 3728 2)
413 3640 591 3709 sed
572 3664 640 3708 m
681 3641 1124 3711 terminatione
1167 3667 1321 3713 msc.
1366 3644 1447 3735 pl.
1493 3656 1561 3714 et
1605 3644 1711 3711 du.
1756 3668 1904 3714 cum
1949 3685 2004 3734 ω
2048 3650 2242 3718 finale
2284 3665 2359 3721 ut
2398 3652 2589 3724 Etera

292 3768 450 3841 post·
480 3754 764 3822 vocalem
804 3754 1064 3844 longam
1119 3758 1468 3828 admodum
1525 3758 1747 3827 debilis
1803 3772 1872 3830 et
1926 3763 2105 3831 fluxa
2160 3766 2453 3837 varietati
2500 3768 2592 3836 illi

300 3864 619 3937 notandae
677 3866 852 3935 haud
909 3882 1131 3959 aptum
1173 3872 1289 3953 sit,
1355 3872 1587 3941 vocalis
1628 3875 1844 3963 potius
1885 3876 2062 3965 prior
2103 3875 2301 3967 longa
2341 3882 2593 3952 variata

301 3990 418 4045 est.
548 3979 809 4049 Scilicet
877 3985 944 4051 iu
1002 3984 1083 4074 pl.
1142 3986 1559 4056 nominativus
1630 3990 1736 4058 hic
1802 4010 2064 4082 quoque
2137 4012 2300 4060 sono
2370 4016 2425 4059 u
2490 3995 2595 4064 di·-

302 4160 564 4232 stinctus
607 4176 738 4246 est,
812 4124 1025 4249 5252,
1065 4194 1252 4241 casus
1294 4175 1587 4264 obliquus
1631 4199 1792 4245 sono
1838 4176 1870 4240 i
1906 4137 2123 4269 ,ἑξ-’ς
2159 4183 2225 4251 in
2270 4181 2379 4250 du,
2419 4162 2599 4287 ‘331ss
