2675 4692
365 321 469 395 70
696 270 707 279 ’
786 326 797 347 1
1229 296 1348 369 De
1389 252 1773 371 Tessshdid.

2665 364 2666 407 ι

371 513 490 580 pro
498 499 725 580 pterea
778 488 1021 557 literam
1073 486 1352 573 priorem
1409 506 1773 577 quanquam
1832 479 2007 550 haud
2062 480 2346 550 auditam
2389 504 2642 570 semper

374 604 744 686 retinuisse,
786 601 963 693 quod
1003 624 1083 668 ea
1123 599 1415 667 radicalis
1459 609 1560 667 est
1600 599 1974 687 potiorque3
2037 598 2343 688 quodque
2382 598 2453 664 in
2501 588 2666 665 con-3

374 715 688 785 trahendo
732 716 867 807 ejus
909 736 1102 782 sonus
1150 712 1485 802 peculiaris
1529 710 1632 802 (§.
1666 710 1790 799 56)
1831 722 2047 778 manet
2093 710 2184 800 ¹).

240 862 345 938 1:321
559 872 746 948 Quae
790 870 1228 960 pronunciatio
1267 868 1513 937 mollior
1559 866 1939 958 quibusdam
1991 890 2071 934 eo
2120 890 2325 957 usque
2369 869 2666 973 invaluit,3

278 984 322 1051 ἢ·
375 996 448 1054 ιιι
487 987 552 1053 in
602 987 880 1054 Koranis
922 984 1309 1074 diligentius
1333 985 1586 1072 scriptis
1644 983 1901 1073 quaevis
1955 1003 2310 1050 consonans
2361 995 2554 1052 muta
2591 964 2668 1097 et}

370 1098 611 1189 liquida
664 1121 888 1167 vocem
939 1098 1281 1166 terminans
1332 1098 1622 1188 sequenti
1671 1104 1785 1165 aut'
1839 1098 1979 1187 pari
2019 1108 2133 1166 aut
2179 1097 2384 1165 classe
2427 1110 2508 1169 et
2557 1122 2650 1167 or-

1982 1202 2015 1233 ·
2150 1199 2215 1233 0·-

377 1284 594 1398 {ano
596 1260 776 1329 simili
815 1258 1217 1373 assimilanda
1250 1259 1602 1338 scribatur,
1644 1257 1813 1325 velut
1855 1250 1928 1314 ἐῶ
1967 1202 2086 1337 3³,
2238 1251 2345 1400 ὁὶ,
2382 1201 2515 1335 τις.
2545 1253 2666 1335 οὐ·
2665 1360 2666 1363 ¹

377 1430 484 1495 ..W
519 1417 652 1479 ‘’⁴3-
736 1424 875 1489 Imo
917 1445 1188 1512 sequens
1223 1423 1409 1514 hujus
1444 1424 1702 1512 generis
1749 1438 2107 1492 consonans
2152 1424 2411 1513 quaevis
2467 1424 2652 1514 (gut-

378 1535 596 1606 tut-alis
640 1535 868 1624 etiam)
912 1536 1006 1603 sic
1046 1535 1405 1626 duplicatur
1446 1547 1596 1627 post
1636 1549 2093 1606 consonantem
2135 1538 2232 1604 vel
2282 1560 2522 1626 parem
2567 1534 2666 1603 ἐἴ

1772 1665 1806 1692 .-
1835 1656 1869 1690 .-.-.
1912 1673 1939 1690 .
1957 1646 2032 1691 ,ε
2097 1659 2159 1693 ,s
2223 1661 2252 1692 ,ν
2273 1661 2349 1692 ι.
2615 1648 2642 1661 ‘

379 1714 643 1782 similam
680 1713 909 1781 vocali
950 1712 1141 1782 brevi
1178 1716 1614 1799 terminatam,
1658 1727 1730 1784 ut
1767 1730 1857 1802 ιβ)
1898 1705 2055 1802 γ’,
2106 1703 2170 1773 ³5
2220 1714 2394 1807 &⁵³²
2463 1675 2666 1819 '‘jsft}

377 1863 574 1966 504¹-
591 1919 615 1953 ‚
674 1896 803 1961 quo
857 1874 1066 1962 magis
1116 1874 1336 1946 literae
1398 1877 1483 1943 ad
1542 1874 2116 1965 colliquescendum
2176 1898 2422 1967 pronae
2481 1876 2655 1945 disti·

377 2019 649 2075 neantur
692 2009 987 2095 beneque
1029 2020 1474 2091 secernantur3
1529 2006 1700 2074 unde
1743 2007 1809 2074 id
1852 2030 1980 2074 non
2019 2008 2094 2076 fit
2135 2009 2252 2076 nisi
2291 2010 2400 2075 ubi
2449 2033 2655 2098 pausa

377 2119 546 2186 nulla
587 2131 687 2188 est
726 2120 937 2186 media
978 2119 1073 2206 ²).
1159 2121 1297 2188 Sed
1334 2120 1519 2210 hujus
1573 2120 1847 2217 mpllitiei
1898 2122 2126 2188 nimiae
2172 2122 2311 2188 sere
2352 2121 2460 2188 lex
2507 2145 2656 2189 con-

377 2233 551 2299 tinua
593 2256 633 2299 a
674 2233 918 2321 vulgari
960 2256 1252 2301 sermone
1293 2234 1495 2301 aliena
1537 2234 1733 2300 fuisse
1773 2231 2023 2301 videtur
2053 2257 2176 2300 nec
2209 2234 2324 2301 nisi
2357 2257 2396 2300 a
2428 2244 2666 2322 gram-'

375 2346 619 2413 maticis
660 2346 894 2413 sedulis
948 2347 1033 2415 ad
1082 2346 1328 2415 Korani
1382 2346 1715 2414 lectionem
1757 2346 2290 2434 elegantissimam
2337 2346 2666 2415 denotas-2

376 2459 526 2526 dam
581 2470 651 2526 et
707 2458 1143 2527 stabiliendam
1199 2460 1486 2540 inventa,
1559 2482 1919 2547 quanquam
1979 2458 2152 2525 haud
2193 2460 2328 2526 sine
2377 2463 2544 2526 ansa
2593 2475 2666 2527 etz

266 2645 279 2666 ς
377 2575 586 2639 causa.
684 2571 790 2639 De
833 2572 1210 2661 quibusdam
1251 2573 1499 2638 Korani
1537 2570 1836 2641 doctores
1882 2573 2263 2664 discrepant.
2316 2610 2405 2622 -
2494 2574 2666 2641 Om-

374 2685 522 2754 nino
565 2707 717 2752 vero
761 2685 1093 2754 Teschdid
1148 2685 1486 2776 euphonici
1535 2687 1599 2753 in
1650 2688 1930 2767 Koranis
1995 2689 2214 2756 cuficis
2268 2684 2511 2753 nullum
2563 2698 2666 2757 oet

373 2801 726 2891 vestigium.

241 2955 350 3005 ¹³²
544 2953 762 3024 Tanta
814 2968 914 3025 est
933 2957 1264 3046 [sonorum
1297 2954 1778 3043 consonantium
1818 2954 2140 3034 similium,
2183 2953 2295 3021 ubi
2332 2953 2454 3020 sibi
2499 2953 2660 3019 invi-

380 3098 520 3141 cem
562 3071 748 3141 vicini
791 3071 951 3136 fiunt
969 3119 986 3151 ‚
1058 3064 1462 3136 coalescendi
1519 3068 1916 3159 proclivitas,
1977 3079 2052 3136 ut
2096 3065 2195 3132 vel
2234 3066 2434 3132 vocali
2479 3067 2667 3133 brevi

371 3186 583 3256 media
653 3183 1015 3252 coalescere
1073 3180 1343 3270 queant,
1411 3177 1479 3245 id
1524 3180 1698 3269 quod
1739 3181 1805 3246 in
1857 3180 2048 3269 plebe
2102 3175 2351 3244 vocales
2407 3177 2667 3245 medias

371 3299 651 3389 rapidius
710 3299 1017 3365 efferente
1070 3307 1288 3364 natum
1329 3295 1529 3361 fuisse
1573 3292 1821 3361 credas.
1928 3294 2020 3361 Et
2059 3293 2347 3380 proxima
2391 3289 2666 3380 quidem

373 3413 724 3481 contractio
769 3408 1089 3477 censenda
1132 3419 1232 3475 est
1267 3430 1381 3487 ea,
1439 3429 1608 3495 quae
1650 3419 1799 3496 post
1842 3416 2297 3474 consonantem
2336 3406 2411 3472 fit
2450 3404 2667 3470 vocali

369 3506 776 3606 instructam,
836 3536 908 3591 ut
969 3523 1198 3588 vocalis
1256 3519 1469 3588 media
1510 3531 1849 3586 evanescat
1891 3541 2188 3608 prorsus;
2259 3517 2377 3587 sed
2429 3530 2667 3587 secuta

373 3655 471 3709 est
516 3639 612 3706 vel
662 3640 749 3705 ibi
793 3637 1178 3716 contractio,
1219 3637 1332 3703 ubi
1385 3657 1742 3701 consonans
1792 3634 1994 3700 vocali
2045 3656 2248 3699 vacua
2287 3630 2667 3720 praecedit·

371 3754 548 3844 quod
593 3754 647 3821 si
685 3752 790 3832 fit,
854 3764 1003 3840 post
1055 3750 1556 3819 contractionem
1611 3771 1970 3816 consonans
2015 3744 2410 3836 praecedens
2451 3743 2667 3815 vocali

369 3866 733 3935 necessario
781 3864 1108 3932 efferenda
1153 3876 1268 3931 est.
1352 3862 1708 3930 Rarissima
1746 3863 1946 3930 omnis
1984 3862 2149 3929 haec
2198 3858 2554 3927 contractio
2599 3868 2667 3927 el

370 3980 682 4049 mendosa
727 3980 944 4048 habita
994 3978 1048 4045 si
1096 3976 1294 4044 altera
1342 3976 1524 4044 litera
1565 3989 1743 4045 extra
1783 3975 2068 4044 radicem
2117 3985 2218 4043 est
2238 4024 2259 4056 ,
2337 3993 2667 4040 concursu

479 4249 540 4315 1)
579 4248 644 4301 cs.
683 4246 804 4299 Not.
843 4244 908 4297 T.
932 4247 990 4295 9.
1028 4258 1079 4311 p.
1113 4245 1200 4293 32.
1234 4243 1322 4293 42.
1351 4243 1437 4292 48.
1474 4238 1540 4292 Τ.
1570 4243 1622 4290 s.
1661 4256 1711 4306 p..
1736 4241 1862 4291 319.

478 4358 542 4422 2)
582 4356 644 4407 cf.
686 4353 807 4404 hot.
846 4358 899 4403 et
934 4350 1085 4402 Extr.
1123 4349 1187 4403 T.
1216 4354 1269 4402 8.
1314 4365 1366 4419 p.
1394 4350 1517 4400 318.
1555 4345 1620 4398 Τ.
1647 4350 1698 4397 9.
1731 4360 1783 4413 p.
1814 4347 1902 4397 82.
