2675 4692
641 319 759 391 De
799 359 841 411 2
890 333 967 397 et
1017 342 1075 409 §.5
1126 318 1369 393 media
1416 322 1495 391 in
1526 320 1806 393 radice.
1866 276 1873 281 Ι
2212 335 2366 419 249

103 500 330 572 radices
391 502 520 571 bae
577 504 1050 594 antiquissimae
1103 505 1190 573 ad
1232 504 1470 572 formas
1515 514 1877 572 ceterarum
1913 505 2239 594 perfectas
2301 518 2370 577 et

105 618 361 686 excultas
406 618 790 708 vocalesque
830 620 1178 688 formarum
1235 617 1441 685 varias
1497 616 2049 687 conformarentur
2068 669 2088 702 ,
2154 630 2370 710 potest

102 729 336 818 quidem
395 729 604 796 forma
661 733 1136 821 postulantem
1193 740 1652 800 consonantem
1712 733 2157 802 semivocalem
2212 757 2367 801 con-

101 855 450 911 sentaneam
504 848 777 913 transire
797 898 817 928 ‚
891 869 1273 937 semperque
1331 844 1584 912 mediae
1644 844 1937 914 radicalis
1997 847 2141 914 loco
2202 859 2268 916 et
2307 848 2369 916 vi

99 956 390 1039 babetur3
464 956 583 1024 sed
642 968 855 1026 tamen
910 960 1267 1048 proximum
1323 980 1578 1048 semper
1634 958 1762 1025 hoc
1819 970 1954 1040 est,
2020 970 2094 1027 ut
2135 961 2367 1029 vocalis

99 1069 206 1136 hoe
240 1069 412 1149 loco¹
444 1069 779 1154 audiatur,
851 1095 1126 1162 quacum
1165 1072 1401 1139 vocalis
1447 1056 1692 1138 formae
1733 1073 1940 1139 brevis
1982 1095 2103 1162 par
2142 1074 2241 1140 vel
2284 1074 2370 1142 si-

96 1183 238 1249 milis
277 1182 619 1267 coalescit,
681 1209 871 1275 quam
928 1188 1135 1255 brevis
1181 1185 1492 1254 dissimilis
1541 1197 1608 1254 et
1656 1185 2042 1254 discordans
2094 1186 2268 1276 pellit
2303 1186 2370 1253 in

97 1318 304 1362 sonum
365 1299 634 1385 longum
677 1298 1028 1390 producta,
1098 1324 1393 1392 quaeque
1433 1314 1569 1370 tum
1614 1302 1871 1370 demum
1913 1300 1981 1366 in
2020 1301 2371 1367 semivoca-

94 1404 204 1475 lem
263 1411 601 1499 rigescens
659 1425 904 1496 manet,
975 1437 1122 1481 cum
1181 1419 1267 1483 ob
1324 1417 1570 1484 formae
1632 1410 2082 1482 necessitatem
2137 1394 2370 1481 vocalis

93 1523 204 1589 vim
246 1525 413 1593 tueri
455 1525 728 1613 nequit„
798 1526 873 1593 In
919 1526 1400 1597 formationibus
1444 1541 1659 1598 autem
1702 1528 2167 1597 recentioribus
2213 1550 2370 1595 con-

94 1640 346 1705 stantius
397 1619 539 1705 soni
594 1640 1078 1707 consonantium
1141 1642 1515 1711 radicalium
1569 1644 1695 1711 vim
1750 1641 2059 1722 induunt,
2118 1651 2193 1709 ut
2237 1640 2369 1708 for-

91 1751 426 1819 mationem
471 1775 601 1840 quo
652 1755 1076 1822 recentiorem
1120 1778 1201 1823 eo
1255 1758 1463 1846 magis
1531 1759 1723 1825 trium
1778 1754 2150 1823 radicalium
2192 1774 2366 1831 acon-

91 1865 440 1932 sonantium
505 1864 723 1955 legem
782 1880 1160 1958 perpetuam
1220 1884 1630 1962 sequentem,
1696 1872 2082 1953 firmiorem,
2143 1868 2366 1940 diluci-

91 1977 327 2046 diorem
371 1979 614 2048 videas.

248 2147 311 2215 1.
365 2147 652 2215 Formae
715 2173 881 2238 quae
944 2150 1209 2217 vocales
1272 2148 1505 2215 hreves
1572 2150 1759 2216 eirca'
1791 2176 1831 2227 9
1893 2175 1954 2217 v.
1998 2160 2056 2225 εξ
2106 2151 2368 2233 habent,
2393 2159 2502 2213 883

91 2259 311 2328 borum
363 2274 437 2329 ut
487 2264 968 2330 consonantium
1003 2286 1162 2329 sono
1199 2262 1386 2329 facile
1428 2284 1653 2329 carere
1696 2271 1994 2351 possunt:
2068 2263 2207 2330 soni
2252 2260 2369 2353 pa-

87 2392 182 2442 res
228 2388 688 2444 concurrentes
730 2376 795 2441 in
838 2375 1123 2443 vocalem
1164 2375 1427 2464 longam
1469 2377 1738 2457 abeunt,
1799 2398 1922 2442 nec
1964 2398 2094 2442 non
2138 2375 2371 2444 similes

91 2510 129 2554 u
154 2490 248 2556 -i
328 2489 452 2572 ita,
549 2500 624 2558 ut
697 2488 854 2556 alter
928 2487 1194 2556 alterum
1276 2488 1396 2581 sibi
1464 2487 1795 2563 assimilet,
1896 2488 2277 2579 plerumque·
2343 2490 2374 2554 z·

89 2601 273 2690 pellat
318 2627 407 2682 u,
467 2603 586 2670 nisi
647 2626 696 2668 ιι
755 2626 794 2669 e
850 2602 1097 2668 formae
1143 2603 1202 2668 vi
1244 2600 1456 2690 potius
1502 2612 1632 2682 est;
1710 2624 1754 2667 a
1800 2614 2015 2671 autem
2058 2627 2135 2670 ex
2179 2602 2243 2694 §.
2283 2603 2374 2671 96

90 2738 309 2782 sonum
366 2716 688 2783 inimicum
733 2739 989 2806 semper
1029 2716 1217 2806 pellit.
1329 2714 1430 2782 Ita
1474 2715 1551 2801 1)
1593 2713 1656 2780 in
1700 2717 2006 2802 perfectis
2050 2728 2129 2785 st.
2161 2717 2213 2784 Ι.
2255 2714 2371 2785 IV.

87 2830 220 2896 VII.
267 2830 452 2899 Vm.
497 2830 580 2898 X.
638 2828 986 2898 formandis
1031 2829 1265 2898 vocalis
1305 2852 1354 2892 a
1395 2827 1720 2895 secundae
1762 2831 1899 2897 rad.
1949 2831 2095 2898 loco
2139 2831 2290 2921 quia
2332 2854 2373 2898 e

89 2943 331 3012 formae
374 2943 439 3010 vi
479 2945 842 3013 necessaria
885 2955 1019 3026 est,
1077 2966 1333 3034 semper
1370 2954 1585 3011 manet
1626 2943 1779 3011 eliso
1826 2968 1985 3014 sono
2028 2945 2285 3012 inimico
2323 2969 2374 3010 ιι

89 3129 134 3171 v.
175 3106 237 3187 i,
284 3117 362 3174 ut
410 3092 545 3204 (Β,
588 3129 666 3173 ex
713 3087 1019 3205 55322100
1066 3113 1331 3190 exst-⁰⁶3
1385 3104 1664 3171 similiter
1705 3115 1788 3172 st.
1829 3106 1942 3174 IV.
1990 3094 2147 3202 (θ’,
2181 3092 2371 3185 ,νω-

89 3219 312 3309 Neque
351 3219 463 3287 hic
501 3220 889 3289 intransitiva
932 3233 1007 3288 st.
1034 3220 1091 3289 Ι.
1132 3219 1305 3287 notio
1344 3218 1775 3307 distinguitur,
1818 3230 1891 3287 ut
1936 3219 2191 3286 omnino
2237 3218 2368 3286 for-

90 3334 270 3403 matio
346 3332 644 3401 radicum
700 3334 928 3402 harum
991 3333 1182 3424 paulo
1243 3333 1552 3401 arctiores
1620 3334 1780 3399 fines
1839 3333 2069 3414 habet,
2150 3333 2372 3402 formis

89 3449 368 3536 pluribus
414 3469 581 3537 quae
619 3449 687 3515 in
728 3448 1072 3516 radicibus·
1086 3449 1318 3517 ceteris
1362 3471 1508 3516 sese
1543 3456 1921 3528 secernunt,
1965 3446 2032 3512 in
2065 3446 2162 3513 his
2195 3444 2373 3513 baud

91 3562 509 3631 discretisoe-
549 3562 626 3630 In
670 3562 919 3653 imperf.
962 3575 1041 3632 st.
1065 3564 1118 3633 Ι.
1165 3560 1397 3632 vocalis
1431 3585 1481 3626 u
1523 3585 1652 3630 sec.
1672 3559 1811 3629 rad.
1832 3561 2000 3628 bene
2021 3559 2374 3650 respondet

91 3747 236 3791 sono
282 3748 335 3789 ιι
380 3722 683 3806 radicali‚
727 3737 800 3793 ut
847 3734 985 3823 &²¹2³
1031 3725 1179 3808 fiat3
1220 3722 1526 3814 idemque
1568 3746 1728 3791 sono
1773 3722 1803 3786 i
1844 3722 1984 3790 rad.
2028 3722 2236 3805 cedit,
2298 3731 2375 3790 ut

72 3903 262 3987 2153·-
363 3885 444 3951 In
495 3884 798 3976 stirpibus
858 3909 1036 3953 mere
1098 3885 1317 3954 activis
1355 3886 1469 3955 IV.
1516 3895 1585 3953 et
1625 3884 1709 3951 X.
1752 3907 1947 3952 sonus
1993 3883 2024 3948 i
2064 3906 2194 3951 sec.
2233 3880 2372 3951 rad.

93 4040 237 4085 sono
296 4042 348 4083 a
405 4017 679 4108 perfecti
748 4020 1075 4110 oppositus
1135 4041 1394 4110 semper
1448 4027 1704 4100 manet,
1770 4027 1842 4085 ut
1896 4016 2064 4086 sicut
2121 4017 2186 4083 in
2229 4012 2371 4084 rad.

94 4177 277 4248 firmis
325 4200 415 4252 a·
443 4200 471 4251 1
523 4178 643 4247 sibi
684 4192 1130 4271 opponuntur,
1183 4180 1274 4250 ita
1311 4179 1379 4247 in
1420 4179 1518 4248 bis
1562 4203 1655 4247 a·
1687 4180 1743 4262 i,
1795 4189 1872 4248 ut
1910 4178 2140 4248 st.IV.
2209 4163 2371 4276 ςῑῗῗ,

97 4349 263 4449 ΓΦ·
243 4381 264 4418 ,
328 4341 450 4412 sed
503 4342 569 4410 in
621 4341 937 4413 reflexivis
980 4342 1128 4413 vll.
1171 4353 1239 4412 et
1278 4342 1456 4413 vm.
1520 4339 1749 4439 eadem
1804 4338 2120 4431 oppositio
2161 4337 2231 4405 in
2271 4336 2373 4406 bis
