2675 4692
669 169 920 244 Brevis
972 183 1372 255 metrorum
1422 174 1766 243 doctrina.
2203 190 2354 259 333

394 369 430 405 0
541 370 621 405 0>

237 422 333 491 ¹²)
374 390 622 502 ωιὶιὲὶα
661 428 1052 498 (decurtatum)
1101 442 1167 481 ex
1222 427 1508 495 anapaestis
1560 425 1762 478 dnobus
1804 428 2211 501 constatjambo
2247 435 2354 483 tar-
2380 436 2483 486 801

64 609 239 663 diore
286 611 505 665 insertoz
560 581 644 664 ὖυ
663 583 732 650 -'-
752 629 784 661 υ
803 582 872 651 -2-
893 628 978 662 vv
998 581 1099 676 —⁸-,
1147 616 1207 663 ut
1260 611 1446 678 prioris
1499 610 1761 678 anapaesti
1808 611 2005 677 syllaba
2041 614 2205 681 prima
2238 630 2356 667 sae-

59 708 300 775 pissime
349 711 634 778 producta,
692 711 990 780 posterioris
1042 710 1124 763 hic
1179 725 1386 777 quoque
1431 711 1601 763 brevis
1649 716 1854 763 servata
1899 711 1982 763 sit.
2071 712 2256 765 Potest
2302 720 2357 767 et

58 824 294 895 jambus
342 830 616 896 praeponi=
664 847 696 879 υ
714 801 871 879 Ι-ιιυ
892 800 1132 878 ss-vvss·
1154 866 1172 893 ,
1219 833 1278 880 ut
1326 842 1547 895 sequens
1581 826 1782 892 syllaba
1814 826 1985 880 brevis
2022 829 2194 897 potius
2231 846 2355 898 pro-

64 924 325 977 ducatur.
415 925 516 981 Est
549 943 674 981 vero
726 934 951 981 metrum
1005 926 1102 980 hoc
1148 927 1304 980 breve
1356 932 1411 978 et
1445 927 1803 994 properantius
1837 928 2065 981 omnium
2098 930 2354 981 rarissima

59 1023 345 1077 usitatum.
434 1047 438 1051 ·

231 1202 287 1257 5.
324 1199 495 1255 Ionica·
530 1201 751 1272 deniqne
786 1204 925 1258 modi
961 1210 1081 1259 sunt
1116 1202 1333 1256 haeceez

221 1337 333 1405 13)
370 1281 498 1429 3.Ᾰὶ
535 1337 779 1406 (saliens)
823 1355 890 1392 ex
937 1340 1103 1392 ionico
1123 1304 1172 1391 :Z
1194 1358 1226 1391 υ
1251 1312 1314 1380 -1-
1339 1365 1411 1381 --
1447 1339 1745 1393 continuato
1790 1346 2058 1407 constans,
2111 1339 2346 1407 dimeter,

68 1455 157 1507 vel
208 1455 478 1523 trimeter,
542 1460 798 1512 rarissIme
849 1466 1165 1514 tetrameter.
1260 1458 1585 1512 Turbulento
1637 1457 1736 1511 hoc
1784 1463 1950 1510 metro
1999 1463 2203 1511 veteres
2248 1472 2354 1510 non

67 1555 176 1608 nisi
229 1556 287 1608 in
334 1555 655 1610 festinantius
691 1564 745 1610 et
780 1560 1123 1626 negligentius
1160 1558 1372 1628 prolatis
1407 1563 1649 1622 utuntur3
1701 1550 2075 1624 nonnunquam'
2117 1558 2199 1609 vel
2246 1558 2356 1610 sin-

65 1654 190 1720 guli
238 1669 423 1708 versus
471 1672 589 1708 cum
638 1655 874 1725 rhythmo
920 1658 1059 1710 finali
1097 1664 1484 1726 componuntur.
1580 1658 1700 1713 Quo
1736 1658 1906 1723 gravis
1943 1662 1998 1708 et
2032 1656 2356 1709 turbulentus

66 1756 233 1807 metri
283 1753 435 1822 hujus
486 1756 678 1809 diutius
732 1757 1011 1809 continuati
1059 1756 1241 1808 modus
1276 1756 1571 1821 mitigetur,
1618 1756 1826 1806 ultimus
1861 1772 1956 1824 pes
1990 1757 2174 1809 melius
2208 1762 2355 1809 cata-

65 1872 301 1925 lecticus
353 1879 436 1926 est
479 1844 557 1926 v}
585 1847 646 1914 ·⁸-
669 1913 686 1939 ,
739 1880 861 1942 apte
910 1888 1141 1939 gressum
1191 1868 1340 1924 nim'is
1383 1870 1738 1923 vehementem
1772 1871 1988 1936 sistens3
2041 1880 2356 1941 quapropter

65 1971 221 2039 prior
272 1987 449 2024 versus
498 1974 733 2026 trimeter
783 1988 987 2041 semper
1034 1973 1368 2026 catalecticus
1416 1976 1522 2035 est,
1571 1969 1827 2022 rarissime
1863 1970 2252 2035 acatalecticus;
2299 1972 2353 2024 in

68 2069 306 2124 dimetro
343 2077 513 2124 tamen
548 2071 616 2125 ob
652 2072 860 2125 brevem
897 2072 1057 2140 ipsius
1094 2070 1339 2124 ambitum
1375 2070 1510 2122 idem
1547 2084 1651 2122 non
1687 2070 1824 2121 licet.
1896 2068 2164 2121 Posterius
2188 2069 2355 2122 hemi-

67 2169 322 2223 stichium
359 2177 414 2223 et
449 2171 653 2223 dimetri
687 2177 743 2222 et
775 2172 1024 2235 trimetri,
1058 2175 1213 2238 prout
1249 2168 1469 2235 rhythmi
1504 2169 1667 2220 finalis
1703 2170 1988 2220 constantia
2019 2169 2232 2234 suadet,
2264 2176 2355 2222 aut

71 2270 444 2322 catalecticum
481 2275 593 2335 est,
630 2275 721 2322 aut
755 2271 1032 2336 integrum.
1072 2295 1138 2309 —
1176 2269 1424 2320 Ceterum
1468 2273 1697 2334 quartam
1730 2267 1882 2319 ionici
1909 2268 2157 2333 syllabam
2183 2268 2353 2321 medio

70 2369 125 2419 in
163 2384 354 2433 versu,
415 2368 460 2421 si
496 2368 635 2436 quod
670 2368 925 2420 rarissime
961 2370 1048 2433 fit,
1103 2368 1412 2435 corripitur,
1468 2381 1570 2418 non
1605 2366 1795 2433 corripi
1832 2382 1984 2433 posse
2030 2366 2128 2419 nisi
2175 2372 2233 2419 ut
2265 2383 2353 2419 se-

75 2482 244 2533 quens
295 2466 637 2535 producatur,
694 2481 762 2518 ex
815 2468 862 2529 S.
884 2470 987 2517 781
1033 2466 1147 2532 jam
1190 2465 1444 2533 apparuit.
1528 2463 1775 2530 Idemque
1828 2464 1881 2515 in
1929 2465 2162 2517 omnibus
2214 2466 2353 2519 modi

71 2564 231 2633 hujus
269 2566 448 2618 metris
483 2579 651 2632 aequo
680 2563 801 2630 jure
835 2563 989 2614 valet.

362 2728 398 2765 9

2383 1215 2493 1265 802

219 2791 321 2859 14)
362 2741 549 2860 ‘’⁴30⁹“
590 2779 922 2851 (extensum)
974 2780 1134 2849 priori
1190 2780 1502 2834 simillimum
1553 2787 1634 2833 est
1686 2780 1753 2833 ab
1800 2799 1967 2853 eoque
2019 2788 2093 2839 sic
2151 2791 2346 2839 tantum
2376 2805 2484 2854 303

73 2927 282 2993 differt,
331 2931 391 2978 ut
422 2924 603 2977 ionicis
636 2922 770 2973 binis
805 2924 1138 2986 anapaestum
1171 2918 1390 3013 ipserat,
1440 2917 1579 2970 unde
1615 2924 1835 2975 metrum
1863 2920 2142 2987 jucundius
2178 2923 2344 2974 varia-

74 3032 186 3079 tum
223 3032 280 3078 et
315 3022 583 3077 sublimius
617 3021 810 3083 oritur,
846 3033 948 3084 quo
985 3018 1038 3069 in
1074 3016 1395 3082 gravioribus
1428 3032 1634 3084 quoque
1670 3023 1897 3074 utantur.
1970 3019 2079 3071 Sed
2114 3035 2230 3072 raro
2266 3022 2347 3073 in-

307 3229 558 3295 syllabam
606 3232 723 3293 post
771 3224 1048 3290 dijambum
1084 3240 1289 3293 semper
1323 3222 1539 3291 produci
1577 3223 1645 3276 ob
1681 3238 1875 3275 moram
1904 3228 1958 3275 et
1992 3241 2256 3280 caesuram
2288 3232 2344 3282 in

307 3300 479 3353 medio
552 3313 734 3360 versu3
801 3298 902 3362 qua
962 3297 1159 3348 ratione
1210 3294 1474 3361 rhythmus
1529 3297 1685 3347 totins
1739 3310 1925 3356 versus,
1964 3297 2144 3350 eodem
2193 3299 2343 3353 redit.

307 3372 416 3425 Sed
450 3386 586 3423 nunc
621 3370 772 3420 aliter
806 3376 1005 3431 statuo,
1051 3369 1216 3419 varias
1254 3367 1321 3420 ob
1355 3382 1552 3419 causas.
1636 3365 1769 3417 Nam
1804 3368 2022 3434 prinum
2054 3369 2166 3437 ipsa
2200 3387 2347 3425 com-

307 3444 496 3512 positio
533 3441 800 3508 displicet,
837 3443 937 3506 qua
971 3454 1102 3490 unus
1138 3439 1392 3505 dijambus
1426 3437 1643 3489 duorum
1679 3453 1841 3505 anapa
1863 3446 2069 3489 storum
2100 3447 2155 3493 et
2182 3442 2345 3510 iambi

303 3514 459 3567 seriei
496 3512 657 3563 multo
693 3511 912 3576 longiori
940 3512 1184 3564 sociatur.
1257 3511 1427 3562 Multo
1462 3510 1658 3575 gratior
1691 3509 1750 3559 fit
1786 3514 1841 3560 et
1875 3510 2190 3576 aequabilior
2220 3529 2346 3582 par-

305 3587 431 3638 tium
487 3583 701 3635 duarum
754 3581 1077 3646 distributio,
1124 3583 1170 3634 si
1224 3583 1445 3648 priorem
1484 3587 1681 3646 partem
1720 3580 1835 3646 plus
1869 3596 2021 3646 quam
2058 3583 2342 3652 simplicem

306 3656 586 3722 dijambnm
629 3655 893 3707 continere
925 3655 1098 3704 sumis.
1184 3652 1384 3705 Deinde
1416 3666 1594 3704 versus
1630 3648 1782 3716 hujus
1818 3651 2038 3704 ambitus
2066 3660 2128 3705 ut
2160 3657 2343 3723 reliqui

306 3728 501 3780 similes
553 3741 621 3778 ex
666 3724 863 3777 duabus
898 3724 1129 3791 partibus
1160 3725 1305 3777 initio
1340 3724 1550 3791 paribus
1592 3730 1905 3790 compostus
1939 3724 2156 3778 videtur.
2231 3727 2342 3780 De-

305 3867 459 3932 nique
495 3864 684 3916 seriem
720 3859 847 3914 hane
881 3828 992 3911 ἷι-ἶ-
1021 3833 1135 3912 v-⁸-
1158 3887 1224 3901 —
1262 3864 1419 3917 etiam
1456 3863 1508 3914 in
1545 3851 1764 3951 &sn-ll
1803 3868 2058 3925 agnosco,
2093 3865 2164 3925 et,
2202 3862 2341 3928 qnod

342 3970 432 4008 rae
472 3956 657 4007 ceteris
704 3953 802 4006 huc
836 3954 1063 4021 pertinet
1093 3954 1548 4020 quaestionemque
1584 3966 1791 4021 prorsus
1820 3952 2004 4019 solvit,
2040 3953 2222 4005 eadem
2256 3954 2342 4005 vel

341 4028 386 4078 is
420 4027 640 4095 repetita
668 4040 874 4077 versum
910 4024 1118 4077 efficere
1152 4030 1358 4093 potest,
1392 4023 1680 4091 cujusmodi
1714 4037 1891 4077 vesus
1920 4024 2086 4077 rarior
2113 4022 2196 4076 hic
2228 4032 2337 4077 este

425 4112 496 4145 ,0
657 4111 811 4143 Ocu-0
1030 4110 1063 4140 0
1107 4124 1132 4139 e
1228 4105 1358 4141 90-
1652 4123 1678 4140 ο
1771 4107 1805 4140 0
1911 4107 2172 4143 ,ozee
2215 4109 2334 4141 000

508 4259 533 4273 e
605 4255 630 4270 e
813 4256 837 4270 o
970 4255 995 4270 ν
1061 4255 1086 4269 a
1506 4256 1554 4271 -ν
1786 4259 1816 4299 ⁸

2510 562 2519 595 l
