2675 4692
662 120 915 193 Brevis
967 128 1377 189 metrorum
1429 119 1774 188 doctrina.
2196 134 2341 205 3527

7 322 193 376 sae-pe
259 313 392 375 post
461 305 542 359 bis
591 305 980 373 quatuordecim
1031 305 1238 359 demum
1286 303 1512 371 syllabas
1560 319 1717 356 sonus
1766 305 1943 357 similis
1993 320 2142 358 aures
2182 305 2345 358 feriat.

14 409 218 462 Quam
261 413 446 459 tamen
486 406 817 459 severitatem
855 407 1143 473 mitigaturi
1180 411 1367 474 poetae
1425 420 1583 474 saepe
1628 406 1679 456 in
1716 406 1865 473 primi
1902 420 2079 457 versus
2118 405 2344 458 hemisti-

13 503 162 557 chiis
202 504 523 572 rhythmum
557 506 764 558 finalem
799 504 880 557 bis
916 512 1152 574 repetere
1188 507 1388 571 solent3
1438 505 1490 557 in
1526 506 1693 574 primo
1730 506 1864 557 enim
1903 521 2053 557 versu
2088 504 2343 557 difficilius

19 620 92 656 eo
134 612 393 658 caretur.

181 760 360 813 Haec
409 769 584 816 autem
629 761 856 830 rhythmi
903 762 1068 814 finalis
1104 763 1156 813 in
1193 762 1370 815 metris
1407 762 1641 829 plurimis
1676 762 1844 827 iisque
1880 761 2177 813 melioribus
2215 764 2342 815 ratio
2382 780 2481 829 787

23 860 78 910 iu
121 862 310 912 causa
357 866 465 926 est,
520 862 659 928 quod
688 863 863 929 justus
898 876 1080 914 versus
1117 863 1201 913 vel
1236 859 1493 912 distichon
1531 876 1599 912 ex
1636 860 1838 912 duobus
1874 876 2078 930 semper
2112 863 2345 914 versibus

26 960 114 1010 vel
155 961 357 1026 potius
392 958 725 1014 hemistichiis
762 961 947 1014 confici
983 966 1228 1029 putatur,
1267 967 1499 1013 ceterum
1534 967 1744 1028 praeter
1780 957 1998 1025 rhythmi
2034 960 2200 1012 finalis
2229 977 2342 1012 mo-

23 1056 126 1109 dos
179 1058 298 1109 sibi
353 1073 563 1125 prorsus
611 1060 928 1128 aequalibus.
1017 1059 1252 1126 Cumque
1299 1076 1459 1128 pausa
1507 1074 1713 1127 semper
1762 1059 1815 1110 in
1852 1056 2089 1123 rhythmo
2139 1059 2342 1112 demum

28 1158 179 1209 finali
241 1160 449 1210 versari
498 1160 693 1226 possit,
740 1175 920 1212 versus
956 1161 1100 1228 prior
1135 1174 1200 1210 eo
1237 1173 1417 1211 carens
1452 1150 1687 1210 ultimam
1719 1159 1968 1223 syllabam
2004 1175 2108 1210 non
2144 1161 2342 1228 ancipi-

28 1263 141 1309 tem
196 1256 391 1309 habet.
492 1258 554 1310 In
601 1258 732 1310 duos
781 1264 954 1331 tamen
1001 1255 1095 1308 hos
1145 1271 1324 1308 versus
1372 1271 1553 1308 vocem
1606 1255 1893 1309 distrahere
1938 1258 1991 1309 iu
2047 1258 2343 1310 cultissimis

31 1356 354 1423 quibusque
389 1357 567 1408 metris
601 1362 656 1410 et
691 1358 1000 1422 longissimis
1027 1356 1221 1421 rarius,
1257 1357 1308 1406 in
1346 1353 1741 1423 simplicioribus
1778 1363 1830 1407 et
1866 1356 2186 1408 brevioribus
2222 1371 2339 1408 sae-

31 1456 152 1522 pius
192 1455 425 1507 obvium
460 1461 568 1507 est:
608 1457 828 1507 evitatur
865 1460 1039 1506 autem
1074 1471 1300 1522 prorsus»,
1336 1455 1381 1505 si
1429 1454 1557 1506 arsis
1587 1452 1699 1519 jam
1737 1454 1788 1505 in
1825 1456 2155 1523 penultimam
2185 1455 2340 1519 cadit,

34 1570 156 1606 cum
207 1570 327 1606 vox
366 1555 419 1605 in
454 1554 653 1605 duabus
690 1556 762 1605 ita
796 1554 1007 1620 syllabis
1043 1554 1238 1605 ultimis
1271 1559 1377 1604 tam
1414 1554 1641 1618 graviter
1689 1555 2006 1620 requiescat,
2064 1559 2123 1605 ut
2158 1570 2339 1607 vocem

36 1669 257 1720 quoque
295 1654 377 1704 ibi
413 1654 546 1705 finiri
583 1655 754 1724 aptius
789 1655 860 1706 sit
894 1652 966 1721 1).
2088 1658 2093 1661 ’

184 1804 322 1858 Hoc
373 1811 549 1858 autem
587 1808 732 1873 poesi
768 1804 886 1858 huic
916 1821 1123 1875 semper
1158 1804 1258 1857 fuit
1291 1803 1588 1871 proprium,
1639 1811 1698 1857 ut
1733 1804 1999 1871 rhythmus
2036 1808 2203 1858 finalis
2241 1823 2335 1875 per
2376 1823 2480 1870 788

40 1910 210 1957 totum
244 1920 464 1957 carmen
509 1903 648 1953 idem
691 1903 1047 1968 continuetur,
1083 1908 1144 1954 ut
1177 1918 1470 1971 quanquam
1504 1903 1669 1954 rarius
1705 1904 1908 1958 rediens
1945 1914 2115 1958 tamen
2153 1907 2339 1972 insigni

41 2004 90 2053 vi
125 2019 293 2055 aures
334 2004 579 2055 continuo
616 2004 881 2071 percellat.
929 2003 1145 2055 Scilicet
1180 2002 1328 2066 lyrici
1364 2002 1571 2068 generis
1609 2007 1721 2055 tota
1757 2009 1838 2056 est
1873 2001 2000 2057 haec
2038 2005 2239 2072 poesis,
2278 2011 2337 2056 ut

45 2116 293 2161 versuum
347 2102 512 2152 series
563 2117 721 2169 saepe
771 2092 940 2154 minor
988 2103 1057 2154 sit
1105 2118 1203 2154 nec
1238 2103 1322 2153 vel
1356 2103 1410 2153 iu
1446 2102 1746 2167 longissimo
1780 2105 2005 2155 carmine
2037 2104 2173 2155 ultra
2210 2119 2335 2155 cen-

43 2199 288 2250 tesimum
341 2200 560 2250 multum
613 2199 824 2250 extendi
861 2199 1039 2265 possit.
1125 2200 1370 2265 Accedit,
1417 2201 1556 2266 quod
1596 2201 1768 2265 lingua
1806 2202 2037 2254 radicum
2073 2203 2333 2271 stirpium-

47 2313 146 2363 quc
181 2298 447 2350 ditissima
483 2298 757 2349 continuae
792 2294 912 2348 huic
947 2294 1169 2362 rhythmi
1205 2299 1370 2350 finalis
1404 2299 1562 2350 seriei
1598 2313 1847 2367 perquam
1881 2299 2032 2352 favet.

187 2447 311 2501 Nec
365 2454 565 2500 tantum
614 2451 846 2515 syllabae
891 2449 958 2500 ad
993 2447 1284 2514 rhythmum
1318 2451 1407 2501 fin.
1444 2451 1739 2501 necessario
1776 2436 2096 2518 pertinentes
2129 2465 2335 2517 semper

49 2548 284 2614 ejusdem
327 2564 602 2601 mensurae
654 2554 806 2613 sunt,
868 2548 962 2600 sed
999 2548 1235 2615 proxime
1270 2548 1641 2616 praecedentes
1677 2550 1833 2601 etiam
1869 2554 1928 2600 ut
1963 2548 2060 2599 sibi
2098 2550 2149 2599 in
2186 2564 2330 2599 men-

52 2649 167 2699 sura
217 2653 465 2700 constent
505 2649 622 2717 plus
659 2646 932 2711 convenit3
968 2646 1216 2698 remotius
1254 2648 1392 2699 enim
1428 2647 1523 2699 hae
1561 2645 1850 2713 rhythmum
1888 2649 1973 2698 fin.
2008 2653 2329 2716 praeparant.

52 2747 271 2799 Omnino
320 2763 503 2799 versus
550 2747 714 2814 quivis
763 2748 917 2799 finem
951 2761 1132 2798 versus
1167 2747 1343 2798 multis
1378 2747 1430 2798 iu
1463 2747 1641 2798 metris
1678 2753 1759 2799 est
1795 2747 2109 2799 constantior
2145 2753 2198 2798 et
2234 2749 2331 2799 mi·-

55 2860 146 2897 nns
180 2847 317 2899 liber
353 2862 509 2914 quam
545 2847 610 2898 ab
644 2846 822 2912 initio,
859 2845 948 2899 ubi
983 2847 1192 2899 licentia
1227 2845 1426 2897 facilius
1464 2844 1642 2896 fertur.

188 2998 261 3049 ΙΙ.
309 2997 682 3049 Fundamentis
719 2996 796 3050 his
826 2998 1011 3064 jactis,
1063 2997 1266 3063 singula
1299 3002 1467 3048 metra
1502 3012 1820 3060 cognoscere
1871 2996 1924 3047 in
1975 3002 2180 3063 promtu
2232 3002 2328 3048 est.
2362 3017 2470 3067 739

55 3095 418 3148 Describemus
452 3102 627 3149 autem
662 3114 725 3149 ea
760 3096 865 3163 sic,
919 3102 977 3148 ut
1009 3095 1239 3165 cujusvis
1273 3097 1480 3161 generis
1531 3098 1749 3163 primum
1802 3095 2080 3163 simplicia,
2140 3096 2327 3148 deinde

59 3197 247 3259 gratius
283 3198 426 3249 culta
461 3202 516 3249 et
550 3197 836 3265 composita
869 3200 1037 3247 metra
1071 3210 1140 3247 ex
1176 3194 1356 3246 ordine
1387 3195 1535 3261 justo
1570 3194 1669 3247 sibi
1706 3194 2000 3246 succedant.

198 3351 250 3400 1.
288 3345 521 3399 Jambici
553 3345 811 3418 simplicis
850 3348 1058 3415 generis
1101 3349 1186 3400 vel
1229 3347 1447 3414 originis
1482 3347 1671 3400 haecce
1705 3354 1853 3401 sunt:
2354 3384 2470 3430 790

286 3456 321 3492 σ
346 3478 370 3491 -
392 3474 419 3491 .

199 3535 260 3603 1)
286 3532 417 3609 ,ῥῆ-
455 3535 742 3603 (tremens,
798 3534 985 3586 leniter
1027 3533 1308 3600 agitatum)
1366 3533 1602 3601 dijambis
1656 3532 1911 3586 continuis
1948 3540 2178 3599 constat3
2229 3551 2325 3587 nec

68 3644 174 3682 raro
209 3635 554 3685 catalecticus.
627 3632 827 3700 Estque
866 3641 956 3685 aut
990 3634 1237 3698 dimeter,
1294 3637 1385 3685 aut
1434 3634 1695 3697 trimeter3
1746 3635 1979 3687 trimeter
2013 3641 2184 3688 tamen
2221 3634 2325 3686 sre-

70 3731 310 3791 quentior.
394 3733 679 3798 Solentque
726 3731 919 3784 rudiori
974 3731 1072 3784 hoc
1107 3740 1275 3785 metro
1310 3732 1383 3784 ita
1420 3732 1526 3797 uti,
1585 3738 1644 3784 ut
1679 3734 1843 3799 quivis
1877 3749 2056 3787 versus
2089 3733 2325 3801 rhythmo

183 3954 240 4022 1)
277 3972 323 4009 v.
360 3958 710 4023 quaestionem
762 3955 893 4008 hanc
943 3956 1009 4007 de
1055 3969 1183 4009 voce
1229 3959 1281 4010 in
1325 3957 1418 4010 hos
1454 3958 1584 4011 dnos
1621 3974 1797 4009 versus
1834 3955 2159 4009 distrahenda
2195 3958 2326 4009 ube-

283 4029 386 4079 rius
437 4030 727 4097 expositam
775 4030 826 4080 in
869 4027 955 4080 lib.
994 4028 1061 4079 de
1095 4037 1243 4080 metr.
1283 4030 1424 4082 arab.
1468 4048 1520 4097 p.
1547 4034 1802 4081 llo-112.
1892 4028 2039 4080 Adde
2090 4031 2327 4097 exempla

283 4100 422 4152 vocis
464 4101 792 4153 continuatae
839 4100 890 4150 in
925 4105 1090 4151 metro
1127 4100 1399 4150 L'lkamelo
1436 4101 1618 4166 majori
1667 4101 2002 4152 acatalectico
2038 4099 2323 4152 lbu-Khac.

285 4187 333 4237 p.
363 4176 450 4233 58,
488 4176 540 4225 3.
577 4174 625 4223 4.
699 4170 907 4223 lzzedd.
947 4188 1024 4221 av.
1066 4189 1114 4238 p.
1141 4174 1226 4223 42.
1264 4178 1351 4223 65.
