2675 4692
316 305 466 375 218
655 289 774 362 De
825 291 1206 361 nominum
1249 286 1591 384 junctura
1648 298 1723 358 et
1771 289 2263 361 declinatione.

243 487 252 497 ·
306 473 578 542 nunatio
635 485 781 563 post
840 470 1177 545 articulum
1234 493 1492 560 semper
1547 471 1734 542 deest
1784 472 1893 562 ¹),
1935 484 2011 542 ut
2050 473 2307 541 nunatio
2344 483 2563 567 tantuin

2118 606 2148 638 3
2171 606 2200 637 3
2217 600 2251 636 3
2268 610 2317 634 ιο

315 682 547 727 nomen
591 682 859 750 prorsus
899 660 1178 728 solitarie
1219 659 1498 749 positum
1542 658 1896 750 distinguat
1910 713 1931 745 ,
1983 673 2056 731 ut
2092 647 2282 746 kx„
2330 659 2367 730 ὅ
2415 654 2569 749 ἀνὴρ

432 787 468 823 9
492 792 565 824 3ο

313 859 381 916 et
420 841 560 928 δὴ)
597 841 793 934 nimbo.
875 847 961 914 At
1000 870 1081 914 eo
1122 870 1328 937 usque
1370 870 1498 914 non
1540 847 1706 917 valet
1746 849 1995 918 articuli
2037 850 2127 919 vis
2173 861 2245 918 ut
2283 861 2339 927 ὁ
2383 870 2421 914 e
2453 858 2561 913 ter·

310 962 655 1029 minatione
694 958 802 1026 du.
847 973 915 1029 et
953 961 1039 1051 pl.
1080 985 1273 1044 msc„
1330 972 1404 1029 ut
1443 960 1508 1028 in
1552 973 1698 1031 stat.
1743 977 1979 1032 constr.
2022 965 2130 1045 fit,
2187 963 2462 1042 auferat3
2506 960 2561 1025 id

253 1108 261 1115 ·
312 1077 478 1143 enim
526 1075 610 1143 ad
651 1075 857 1165 ipsam
898 1077 1404 1143 terminationem
1446 1097 1526 1140 ex
1567 1074 1821 1163 origine
1845 1076 2124 1165 pertinet
2154 1100 2363 1166 neque
2389 1097 2565 1141 nuna-

308 1191 498 1258 tionis
564 1192 762 1259 instar
822 1188 1038 1257 sonori
1106 1199 1353 1256 tantum
1421 1199 1491 1257 et
1554 1189 1855 1281 plenioris
1934 1192 2144 1260 exitus
2215 1192 2407 1259 causa
2465 1187 2563 1256 ad-

296 1306 562 1396 jectum.

177 1514 286 1565 ³37
474 1499 906 1567 Nunationem
937 1497 1117 1565 litera
1149 1496 1429 1586 quadam
1454 1498 1519 1566 in
1550 1499 1866 1589 scriptura
1892 1497 2069 1566 haud
2101 1499 2369 1589 exprimi
2389 1520 2561 1587 supra

293 1615 433 1704 jam
473 1611 538 1705 §.
579 1614 662 1680 81
725 1611 969 1680 dictum
1025 1623 1142 1680 est.
1244 1611 1383 1679 Sed
1438 1613 1783 1680 accusativi
1827 1624 2043 1682 tamen
2085 1613 2441 1682 terminatio
2478 1634 2559 1676 an

301 1729 367 1794 in
411 1728 725 1816 scriptura
759 1726 896 1817 jam
939 1727 1373 1816 antiquissima
1414 1726 1616 1793 vocali
1662 1742 1679 1806 ς
1720 1728 1786 1794 in
1841 1729 1970 1795 fine
2010 1728 2252 1818 scripta
2295 1726 2568 1795 distincta

303 1854 437 1922 est,
515 1864 880 1932 quanquam
938 1840 1076 1908 sola
1130 1840 1364 1908 vocalis
1420 1840 1630 1908 brevis
1698 1863 1746 1905 a
1802 1840 1939 1908 sine
2006 1841 2370 1909 nunationis
2425 1862 2565 1908 sono

299 1957 581 2045 longiori
622 1978 749 2023 non
790 1967 1047 2045 poterat
1083 1977 1204 2044 per
1247 1970 1265 2033 ς
1308 1954 1503 2023 scribi
1544 1953 1648 2045 (§.
1677 1953 1803 2040 77)
1849 1952 1944 2041 ²).
2051 1954 2144 2023 Et
2185 1956 2565 2023 accusativus

299 2052 695 2161 potissimum
759 2069 848 2138 ita
912 2066 1088 2158 quod
1149 2066 1485 2135 dilucidius
1544 2068 1822 2163 scriptus
1891 2077 2020 2148 est,
2098 2068 2345 2137 factum
2410 2065 2564 2135 haud

300 2186 494 2253 dubie
535 2185 687 2252 inde
734 2183 910 2274 quod
962 2207 1109 2252 cum
1153 2183 1572 2251 nominativus
1614 2205 1869 2274 semper
1907 2183 2314 2274 praepositus
2336 2235 2357 2266 ‚
2400 2180 2565 2272 geni-

297 2302 461 2369 tivus
505 2323 586 2367 ex
627 2300 954 2367 nominum
985 2298 1291 2389 junctura
1331 2296 1549 2363 intima
1589 2296 1968 2386 perspicuus
2011 2298 2126 2378 sit,
2185 2298 2566 2365 accusativus

295 2415 493 2482 multo
536 2424 637 2481 est
678 2412 995 2479 difficilius
1039 2410 1177 2478 sine
1219 2411 1578 2507 scripturae
1622 2434 1751 2501 ope
1794 2410 2316 2500 dignoscendus,
2358 2433 2564 2499 saepe-

296 2552 424 2617 que
483 2524 844 2595 adverbiali‘
889 2548 1011 2593 usu
1067 2524 1388 2592 adhibitus
1449 2547 1638 2592 casus
1705 2535 1807 2593 est
1860 2525 2280 2613 gravissimus
2347 2537 2412 2593 et
2472 2524 2562 2613 qui

297 2689 728 2778 distinguatur
782 2685 1189 2775 dignissimus
1237 2685 1332 2773 ³).
1454 2685 1598 2753 Etsi
1651 2685 1718 2751 in
1776 2695 1960 2753 term.
2013 2709 2114 2775 sg.
2162 2686 2208 2752 f.
2265 2663 2389 2768 {f-
2424 2708 2565 2752 nun-

296 2828 490 2892 quam
550 2816 566 2883 l
632 2802 939 2891 scriptum
1000 2812 1134 2882 est,
1209 2798 1456 2867 scilicet
1512 2820 1597 2865 ne
1650 2799 1741 2866 ita
1792 2823 1913 2890 pro
1969 2845 2001 2884 ὅ
2063 2800 2278 2870 media
2316 2803 2383 2869 in
2424 2820 2569 2866 voce

293 2912 705 2984 scribendum
750 2927 922 2983 esset
962 2944 1028 2995 ζ,
1071 2937 1154 2982 ex
1194 2911 1347 3003 lege
1387 2908 1452 3003 §-
1474 2917 1578 2983 62.

398 3230 461 3295 1)
498 3227 625 3279 satis
672 3222 1006 3277 memorabile
1054 3220 1204 3274 nobis
1251 3234 1465 3289 prorsus
1514 3221 1737 3274 similem
1786 3235 1904 3273 esse
1939 3222 2158 3275 nominis
2192 3238 2315 3278 cum
2351 3222 2562 3276 articulo

498 3317 668 3385 juncti
701 3316 986 3368 rationem:
1047 3309 1385 3380 ffiliubet,
1445 3311 1557 3371 bet
1607 3308 1884 3374 munte.

1326 3441 1454 3477 §00
2012 3444 2041 3475 3
2096 3444 2125 3477 3

393 3502 459 3569 2)
497 3501 559 3555 In
607 3500 721 3553 solo
767 3499 974 3552 nomine
1023 3500 1232 3569 proprio
1277 3518 1438 3586 ,γε
1476 3490 1739 3559 Ἀπινιιη,
1794 3514 1899 3566 qno
1931 3513 1964 3549 a
1982 3458 2111 3585 ἐς
2151 3499 2356 3549 Omana
2394 3497 2563 3551 distin-

500 3615 777 3679 gueretur,
840 3598 1095 3676 scriptura
1139 3616 1287 3662 vetus
1334 3610 1589 3663 vocalium
1623 3610 1891 3677 signorum
1927 3608 2108 3674 ignara
2141 3626 2329 3664 sonum
2366 3609 2563 3679 plenio-

503 3738 613 3776 rem
650 3738 727 3772 un
759 3719 996 3771 similiter
1031 3734 1125 3787 per
1168 3750 1205 3799 9
1239 3719 1513 3774 dilucidius
1560 3722 1833 3790 expressit.
1928 3721 1989 3773 ln
2035 3721 2266 3788 genitivo
2315 3722 2561 3789 scriptun

504 3880 633 3935 haec
667 3881 871 3947 integra
905 3884 1142 3932 servatur
1164 3824 1343 3991 ’,ἐξ
1364 3850 1576 3932 ‘Amr-1³71
1591 3899 1613 3940 ,-
1663 3882 1716 3935 in
1763 3896 1936 3935 accus.
1971 3825 2115 3967 §⁴⁸0-
2154 3885 2306 3932 sueta
2358 3877 2564 3947 scriptio

509 4101 603 4156 per
637 4075 659 4140 l
711 4063 854 4175 (sine
897 4064 970 4173 9)
1005 4085 1199 4139 sufficit
1232 4086 1333 4153 qua
1372 4102 1402 4139 a
1419 4033 1565 4171 ἑὲ,
1585 4085 1944 4153 distinguatur.

401 4237 464 4304 3)
502 4235 617 4288 hinc
652 4236 932 4288 ambitum·
970 4234 1196 4300 vulgaris
1249 4239 1454 4285 ceteros
1504 4248 1658 4285 casus
1710 4235 1953 4301 ignotam
2001 4234 2350 4288 accusativum
2398 4237 2562 4285 umen

509 4324 853 4381 adverbialem
889 4333 941 4378 et
979 4324 1397 4405 pronunciatione
1435 4333 1487 4381 et
1523 4328 1778 4394 scriptura
1813 4327 2049 4379 servavit.
