2675 4692
464 323 581 395 De
633 322 1158 419 particularum
1210 322 1453 394 forma
1501 348 1582 393 ac
1635 325 1955 394 notione.
2205 341 2353 413 327

236 508 492 573 Harum
533 503 620 572 de
665 504 918 593 origine
960 505 1013 570 si
1058 506 1428 593 quaeritur,
1489 504 1723 594 duplex
1786 507 2084 575 cernitur.
2188 508 2352 575 Mul·
2376 522 2485 573 450

89 635 178 690 tae
215 643 405 687 voces
461 630 611 688 sunt
650 619 1034 709 primitivae,
1099 641 1310 708 neque
1355 644 1432 688 ex
1476 620 1701 688 radice
1743 623 2102 709 antiquiore
2146 641 2354 714 neque

87 757 150 809 ex
212 734 597 814 formarum,
679 757 837 824 quas
911 734 1102 801 flexio
1169 735 1463 821 perfecta
1519 735 1678 814 fert,
1770 736 1957 824 copia
2015 733 2353 804 derivatae.

85 849 213 914 Hae
270 846 704 914 brevissimae.
744 857 894 915 sunt
943 871 1135 915 voces
1156 898 1176 929 ‚
1246 871 1325 915 ex
1367 848 1797 937 antiquissima
1840 847 2101 936 linguae
2143 829 2355 917 a'etate

86 973 358 1029 servatae
428 984 637 1050 eoque
698 973 880 1028 ortae
934 974 1227 1051 tempore
1281 984 1410 1051 quo
1472 962 1664 1027 flexio
1725 961 1928 1028 omnis
1968 984 2198 1051 parum
2245 985 2354 1029 ex·-

85 1075 232 1143 culm
291 1086 480 1143 esset.
598 1076 746 1151 Quo
805 1076 1125 1167 pertinent
1186 1086 1318 1143 tum
1361 1075 1873 1165 interjectionum
1921 1086 1989 1143 et
2028 1061 2356 1164 pronomi-

85 1212 247 1271 num,
307 1190 404 1256 uti
459 1186 912 1279 particularum
978 1213 1148 1279 quae
1212 1191 1363 1257 hinc
1407 1189 1734 1257 derivatae
1778 1200 1926 1257 sunt
1968 1188 2356 1278 reliquarum

85 1305 286 1392 copia3
355 1313 495 1371 tum
553 1326 705 1370 vero
771 1302 962 1369 etiam
1019 1302 1307 1386 radices,
1393 1327 1562 1395 quae
1604 1304 1683 1388 ⁸in
1725 1302 1955 1393 stirpes
2000 1324 2116 1369 seu
2162 1304 2356 1368 verba

83 1429 138 1485 et
183 1418 443 1485 nomina
507 1427 621 1485 aut
663 1439 814 1484 vere
853 1418 1147 1487 abierunt
1187 1429 1299 1486 aut
1344 1419 1399 1486 si
1441 1419 1573 1485 fors
1618 1417 1866 1485 tulisset
1906 1417 2087 1484 abire
2128 1427 2356 1505 potue-

82 1545 236 1622 rant,
303 1533 485 1622 ipsae
540 1530 718 1599 haud
774 1543 1059 1601 mutatae
1097 1532 1555 1622 particularum
1597 1532 1858 1600 notione
1899 1539 2223 1611 servatae,
2284 1541 2358 1598 ut

82 1716 154 1814 ῥ’-
211 1718 405 1787 radix
470 1720 795 1787 notionem
849 1731 1059 1788 motus
1118 1742 1339 1787 versus
1385 1719 1580 1787 altum
1625 1719 1981 1808 exprimens
2023 1718 2355 1809 praeposi-

83 1835 247 1902 tionis
292 1835 411 1903 ἐπὶ
450 1856 642 1901 sensu
684 1834 931 1901 mansit.
1019 1832 1157 1901 Sed
1200 1832 1360 1900 aliae
1403 1855 1481 1899 ex
1522 1832 1674 1923 ipsis
1715 1832 1977 1922 linguae
2018 1831 2241 1899 formis
2288 1843 2356 1899 et

83 1950 326 2017 vocibus
367 1948 671 2028 excultis,
712 1948 1069 2015 nominibus
1114 1947 1425 2043 maxime,
1471 1956 1684 2016 ortum
1728 1946 2011 2028 ducunt,
2056 1968 2354 2036 praeser-

84 2063 177 2129 tim
216 2064 273 2131 si
315 2085 485 2152 quae
529 2083 651 2128 vox
706 2061 1241 2150 significationem
1299 2061 1654 2149 principem
1710 2061 2108 2147 liberumque
2166 2081 2354 2126 usum

85 2201 307 2245 exuens
374 2174 694 2265 frequenti
753 2198 875 2242 usu
927 2175 996 2241 in
1050 2174 1403 2264 particulae
1454 2174 1784 2244 notionem
1841 2173 1997 2242 abiit
2059 2182 2357 2240 constan-

439 2304 472 2337 0

87 2375 230 2446 tem,
322 2374 398 2431 ut
452 2319 565 2460 μζ*
616 2361 807 2430 imo!

228 2617 400 2685 Fert
459 2614 590 2682 hoc
637 2634 866 2680 vocum
908 2635 1065 2682 usus
1110 2615 1298 2703 hujus
1345 2626 1541 2702 atque
1604 2614 2032 2706 etymologiae
2076 2615 2363 2683 incertae
2382 2634 2485 2685 451

86 2741 329 2811 natura,
405 2740 480 2797 ut
524 2728 732 2816 magis
775 2728 1116 2817 magisque
1159 2727 1363 2795 deteri
1407 2739 1474 2794 et
1514 2726 1834 2796 decurtari
1877 2729 2138 2818 possint.
2248 2730 2358 2797 At-

86 2865 195 2930 que
248 2842 340 2910 ita
403 2841 754 2930 particulae
815 2840 1052 2908 multae
1073 2893 1091 2923 ,
1167 2842 1675 2932 praepositiones
1745 2842 2050 2923 maxime3
2126 2841 2358 2910 multas

85 2957 400 3026 subierunt
440 2956 843 3024 mutationes.
948 2955 1120 3036 Alia,
1176 2956 1645 3045 interjectiones
1694 2953 1876 3037 dico,
1942 2975 2061 3044 per
2098 2977 2170 3020 se
2215 2955 2359 3021 bre-

85 3072 339 3139 vissima.
444 3068 694 3147 Quodsi
753 3068 876 3135 ulla
939 3091 1022 3134 ex
1082 3073 1276 3136 causa
1319 3068 1630 3159 particula
1673 3092 1900 3137 sonum
1946 3069 2072 3133 una
2112 3078 2359 3134 tantum

86 3184 245 3254 litera
284 3180 776 3276 exprimendum
824 3183 1146 3261 continet,
1190 3184 1332 3249 voci
1379 3184 1669 3272 sequenti
1710 3178 2134 3272 praefigenda
2182 3191 2282 3248 est
2320 3203 2360 3247 e

88 3301 427 3391 scripturae
467 3300 620 3388 lege
659 3307 994 3365 constante
1037 3294 1140 3387 (§.
1182 3295 1364 3384 124).

241 3555 418 3622 Cum
483 3550 590 3618 hic
649 3548 886 3615 forma·
923 3547 1321 3637 potissimum
1377 3545 1829 3636 particularum
1896 3544 2364 3613 consideranda
2381 3569 2490 3620 452

91 3667 190 3749 sit,
242 3665 552 3734 uberiore
592 3661 678 3729 de
716 3661 939 3764 multis·
979 3661 1409 3749 disputatione
1449 3659 1696 3750 syntaxi
1737 3662 2094 3741 reservata,
2156 3660 2361 3726 brevi-

92 3790 172 3847 ter
210 3803 384 3847 nunc
426 3776 513 3844 de
556 3791 779 3843 earum
823 3774 1129 3843 classibus
1173 3787 1241 3843 et
1280 3777 1508 3842 natura
1550 3796 1752 3862 agere
1782 3774 2010 3864 placet.
2101 3772 2359 3840 Classes

92 3905 284 3962 autem
342 3891 793 3978 distinguimus
835 3902 1005 3958 tres:
1058 3888 1520 3979 pronomina,
1575 3886 1974 3976 particulas
2014 3884 2360 3950 orationis

92 4017 437 4074 contextae
451 4055 469 4083 ‚
510 4027 641 4093 quo
682 4004 983 4072 adverbia
999 4054 1019 4085 ‚
1057 4002 1560 4093 praepositiones
1606 4011 1672 4066 et
1705 3997 2180 4089 conjunctiones
2212 4019 2360 4088 per-

93 4118 303 4203 tinent,
376 4117 662 4208 denique
723 4117 1242 4206 interjectiones
1301 4116 1786 4203 locutionesque
1845 4134 1948 4206 ex⁹
1982 4132 2204 4179 earnm
2265 4111 2359 4177 in-

97 4228 221 4299 dole
268 4242 622 4303 manantes.
1055 4219 1064 4224 ’
