2675 4692
677 189 930 261 Brevis
980 197 1381 261 metrorum
1438 191 1784 261 doctrina.
2203 202 2354 284 339

132 391 210 421 0
231 394 258 424 ³
302 445 348 535 ἑ
391 391 667 537 ἴῃῖὲᾗυ
705 435 754 500 3
789 375 869 499 δῖ
895 456 1025 492 ,m
1052 436 1183 492 aa„
1215 454 1281 490 η.
1304 438 1524 492 &hano
1560 438 1873 492 benedicat!
1908 441 2065 495 Tabr.
2104 440 2169 495 aa
2198 439 2350 495 nam.

85 630 142 679 p.
177 613 298 680 163,
333 614 402 665 21
441 609 512 679 ι).

238 737 483 804 syllabae
531 733 719 788 dubiae
767 747 872 786 nou
906 730 1091 784 adsunt
1125 730 1221 783 nisi
1255 731 1308 783 in
1345 730 1728 798 prmominibus
1763 730 2065 800 quibusdam
2078 769 2095 795 ,
2151 746 2283 797 qaae
2321 748 2352 782 e

81 839 381 907 scripturae
431 834 658 903 vulgaris
705 848 851 888 more
902 832 955 884 in
1015 834 1252 899 poemate
1298 831 1592 884 scribuntur
1639 831 1843 899 quidem
1860 869 1877 897 ‚
1936 829 2031 883 sed
2064 827 2199 882 haud
2234 843 2350 881 raro

78 939 247 993 aliter
293 936 704 1006 pronunciantur.
801 932 880 986 Ita
933 945 999 986 ex
1050 929 1370 997 antiquitatis
1406 930 1636 1000 vestigiis
1670 946 1814 1001 pron.
1852 935 1905 983 3.
1943 935 1999 984 et
2030 935 2085 986 2.
2119 946 2241 984 msc.
2280 929 2347 998 pl.

79 1109 135 1159 in
175 1103 410 1173 qualibet
460 1100 702 1170 iunctura
758 1044 854 1199 ἑὲ
879 1141 904 1183 9
962 1088 1094 1199 (ωδ
1116 1145 1139 1178 ‚
1195 1083 1347 1198 55...
1383 1099 1554 1168 poetis
1599 1099 1804 1167 saepius
1862 1043 1966 1198 ἐξ
2019 1091 2184 1148 Ιιιιηιά
2247 1100 2346 1148 etc.

79 1225 485 1296 pronunciatur,
520 1218 586 1275 cf.
623 1221 672 1284 5.
695 1223 834 1286 1673
890 1219 1057 1273 rarius
1091 1220 1144 1272 in
1179 1219 1443 1274 codicibus
1474 1219 1612 1273 idem
1645 1218 1904 1289 scriptura
1937 1230 2238 1286 expressum
2271 1214 2349 1266 le-

76 1362 214 1415 gas,
273 1350 334 1397 ut
368 1332 567 1439 &3333
601 1339 810 1397 lazedd.
847 1356 929 1394 ιν.
968 1357 1017 1408 p.
1037 1342 1127 1407 59,
1162 1342 1199 1393 6
1233 1355 1346 1408 sqq.
1414 1338 1588 1395 Abulf.
1642 1355 1759 1393 ann.
1807 1339 1955 1393 musl.
1990 1337 2058 1393 T.
2089 1340 2142 1389 3.
2180 1353 2232 1405 p.
2259 1336 2347 1387 98.

78 1536 340 1592 Similiter
372 1528 488 1584 suti.
522 1473 562 1585 :s
599 1525 709 1592 (vel
749 1523 810 1592 a)
846 1524 1015 1594 poetis
1049 1524 1286 1593 saepius,
1320 1524 1460 1592 quod
1480 1526 1629 1594 origo
1658 1526 1775 1593 fert,
1805 1522 2146 1595 producitur.
2208 1519 2348 1574 Con-

1368 1664 1400 1679 θ

78 1750 164 1795 tra
219 1754 343 1791 vero
395 1750 461 1789 ex
510 1732 647 1786 vitae
692 1728 917 1796 vulgaris
966 1729 1281 1796 negligentia
1318 1677 1398 1788 [Ξῖ
1430 1748 1527 1803 ego
1573 1730 1873 1802 saepissime
1906 1729 2137 1783 ultimam
2173 1741 2350 1781 corre-

77 1861 230 1924 ptam
268 1847 422 1903 habet
456 1844 586 1910 ἄηᾶ,
619 1860 668 1895 v.
704 1844 754 1907 5.
779 1845 901 1906 165,
936 1839 1074 1906 quod
1109 1839 1254 1894 tarde
1289 1841 1522 1910 sequitur
1556 1835 1608 1902 [3
1648 1849 1673 1897 1
1706 1843 1776 1912 pl.
1813 1842 2060 1911 perfecti,
2094 1847 2154 1893 ut
2189 1828 2350 1897 [kh-3

69 2005 340 2082 fa‘alniz‘,
376 2022 424 2059 v.
460 2003 575 2056 libr.
609 2000 675 2053 de
710 2004 859 2054 metr.
896 2013 972 2051 ar.
1010 2015 1059 2066 p.
1081 2002 1165 2052 11.
1237 1998 1318 2052 De
1345 1931 1486 2083 53),
1506 1996 1605 2054 illd
1648 2019 1697 2056 v.
1733 2003 1785 2067 5.
1810 2002 1934 2065 456,
1966 2002 2005 2052 2
2041 2003 2150 2050 not.
2222 1996 2348 2050 Suf-

78 2120 176 2173 fixi
219 2121 248 2169 1
279 2132 357 2183 ες.
393 2112 622 2166 vocalem
659 2110 682 2163 t
712 2109 808 2165 'ex‘
827 2111 1034 2177 liuguae
1070 2126 1287 2167 sonorae
1321 2114 1524 2168 ratione
1559 2115 1613 2168 iu
1646 2112 1730 2181 ija
1765 2111 1937 2166 diduci
1971 2125 2157 2180 posse,
2205 2110 2269 2163 Τ.
2301 2114 2353 2164 1.

78 2227 132 2280 p.
159 2211 289 2261 241.
327 2203 557 2275 pluribus
604 2203 796 2257 dictum
832 2209 927 2256 est.

233 2384 366 2437 Cum
412 2384 585 2449 lingua
634 2378 762 2433 haec
818 2379 1070 2433 vocalium
1118 2380 1190 2432 sit
1222 2380 1566 2447 feracissima,
1629 2386 1815 2451 poetae
1851 2379 1934 2432 vel
1969 2376 2220 2432 vocabulo
2259 2390 2354 2446 per
2379 2397 2487 2447 313

80 2501 141 2538 se
193 2481 495 2537 consonanti
540 2481 717 2533 clauso
765 2479 996 2530 vocalem
1032 2485 1346 2547 postponere
1383 2485 1612 2547 possunt.
1703 2478 1824 2532 Non
1859 2484 2030 2532 tamen
2064 2478 2162 2531 nisi
2195 2484 2351 2531 tenue

80 2582 224 2635 istud
278 2580 301 2631 i
314 2613 329 2639 ,
390 2578 530 2648 quod
579 2577 804 2631 omnium
853 2574 1094 2629 facillime
1138 2592 1199 2629 se
1245 2576 1468 2644 ingerit,
1524 2576 1597 2630 ita
1652 2578 2073 2645 pronunciatione
2120 2578 2351 2647 suppleri

83 2687 297 2753 potest3
346 2694 447 2733 nec
492 2692 648 2749 porro
683 2674 781 2730 hoc
814 2676 982 2744 ipsum
1016 2675 1141 2730 licet
1175 2677 1273 2729 nisi
1305 2674 1531 2744 rhythmi
1565 2678 1732 2730 finalis
1765 2677 2132 2749 aequabilitate
2166 2683 2223 2731 et
2255 2693 2349 2731 co-

83 2787 245 2850 gente
293 2778 437 2845 (uam
485 2781 693 2846 praeter
727 2775 1018 2844 rhythmum
1051 2777 1140 2830 fin.
1172 2775 1311 2829 idem
1347 2791 1453 2829 non
1486 2775 1680 2846 fertur)
1721 2782 1775 2831 et
1810 2782 2107 2832 excusante.
2198 2776 2263 2831 V.
2302 2792 2347 2829 c.

83 2911 213 3006 0.ss
254 2934 324 3045 ej
374 2961 470 3016 pro
519 2891 680 3005 ἑλέ.
770 2944 963 3013 Contra
1011 2957 1136 2996 vero
1184 2943 1237 2996 in
1286 2943 1448 3012 pausa
1501 2942 1649 2995 litera
1695 2942 1889 3012 duplex
1939 2958 2117 2999 vocem
2166 2942 2347 2996 finiens

81 3113 250 3167 vocali
287 3126 449 3164 vacua
482 3110 806 3179 pronunciari
843 3112 1045 3178 potest,
1081 3105 1220 3175 quod
1255 3108 1387 3161 alias
1423 3123 1491 3162 ex
1525 3110 1575 3175 5.
1605 3111 1715 3163 429
1748 3124 1861 3177 sqq.
1900 3123 2003 3163 non
2039 3105 2231 3173 fertur,
2289 3112 2347 3159 ut

381 3221 411 3233 .-

379 3237 411 3254 ἡ

84 3226 202 3368 :5ss
238 3294 332 3348 pro
373 3234 487 3365 &L
522 3271 810 3327 Ibn-Khac.
850 3290 899 3342 p.
922 3275 1023 3337 23,
1062 3272 1253 3341 penult.
1302 3274 1423 3327 Sao.
1461 3270 1567 3328 chr.
1607 3277 1656 3329 1.
1693 3292 1742 3343 p.
1777 3276 1897 3328 124.
1969 3271 2344 3342 Nonnunquam

82 3399 264 3453 ultima
312 3397 463 3452 litera
511 3394 579 3449 ob
631 3391 854 3461 rhythmi
901 3392 938 3447 f.
984 3391 1307 3447 commodum
1345 3390 1666 3461 duplicatur,
1716 3393 1840 3448 licet
1869 3391 1926 3446 ld
1958 3407 2063 3446 nou
2097 3395 2149 3448 in
2186 3387 2346 3446 verbo

83 3563 222 3628 levi,
268 3559 361 3614 sed
396 3560 449 3613 iu
484 3558 689 3614 nomine
734 3564 933 3613 tantum
968 3555 1191 3625 graviori
1225 3554 1339 3609 fieri
1375 3556 1572 3624 possit,
1626 3562 1685 3609 ut
1719 3504 1927 3659 μσςὴ
1961 3574 2059 3628 pro
2095 3520 2300 3660 (ΜΞΝ
2320 3599 2342 3622 .

224 3704 416 3758 Rarius
452 3704 632 3756 ultima
664 3674 843 3755 uersus
877 3700 1102 3768 syllaba,
1149 3715 1270 3753 cum
1304 3702 1512 3756 vocales
1550 3704 1730 3757 breves
1762 3721 1885 3759 suas
1926 3720 1994 3759 ex
2028 3708 2078 3772 5.
2106 3708 2214 3758 807
2249 3703 2343 3757 ab·

80 3801 243 3867 jicere
308 3803 500 3871 possit,
581 3819 613 3855 e
668 3799 889 3867 rhythmi
947 3800 980 3853 t'.
1036 3801 1345 3853 necessitate
1399 3802 1619 3857 alienam
1682 3806 1913 3859 vocalem
1967 3804 2210 3869 assumit,
2288 3809 2346 3856 ut

219 4086 278 4154 1)
316 4087 471 4142 Quod
523 4087 644 4140 olim
703 4087 768 4140 ad
826 4088 1003 4141 vitium
1059 4086 1154 4142 hoc
1208 4088 1489 4142 tollendum
1546 4088 1611 4142 de
1660 4084 2035 4157 transponenda
2083 4100 2211 4138 roco
2249 4077 2347 4143 am

308 4177 544 4245 opinatus
581 4192 749 4241 eram,
784 4194 915 4232 nunc
952 4179 1134 4241 mitto,
1172 4185 1381 4249 poetam
1417 4180 1653 4233 excusari
1688 4194 1790 4234 nou
1826 4193 1980 4248 posse
2013 4176 2203 4230 videns.
2239 4177 2345 4231 Sed

306 4247 515 4314 egregie
561 4249 753 4303 fallitur
798 4252 882 4318 qui
932 4250 1053 4304 talia
1090 4252 1380 4320 promiscue
1415 4253 1583 4321 poetis
1618 4253 1776 4305 licere
1813 4254 1975 4319 putat.

1646 4347 1787 4415 22.
