2675 4692
2105 220 2253 288 323

290 529 673 607 BREVIS
729 529 1336 613 METRORUM
1383 530 1952 611 DOCTRmA.

112 912 200 963 De
239 912 421 963 metris
453 912 674 965 arabicis
711 911 794 966 hic
829 929 963 980 non,
1014 920 1074 967 ut
1109 922 1230 967 ante
1265 913 1358 967 hos
1395 921 1516 967 octo
1564 928 1726 965 annos
1772 912 1874 966 feci
1911 913 2001 981 ι),
2050 916 2258 969 uberius
2280 936 2400 983 ,τῖε

0 1027 135 1077 *gere
171 1011 517 1064 constitutum
553 1019 662 1077 est,
698 1013 792 1064 sed
827 1014 1089 1066 succincte
1126 1015 1194 1066 de
1221 1015 1285 1066 iis
1316 1029 1611 1082 exponere3
1647 1028 1744 1065 nec
1779 1014 2141 1079 magistrorum
2178 1017 2260 1067 iu-

0 1117 292 1182 ligemrum
343 1110 604 1163 doctrinas
639 1110 853 1171 diffusas
888 1118 944 1164 et
978 1111 1208 1165 diversas
1244 1114 1523 1181 explanare
1542 1150 1560 1176 ‚
1613 1117 1796 1179 utpote
1832 1111 1967 1178 quod
2008 1113 2059 1163 in
2097 1114 2264 1165 altera

0 1215 218 1281 ‚pusculi
268 1213 373 1265 mei
429 1212 658 1264 editione
704 1211 878 1279 aptius
927 1212 1048 1277 fiet,
1111 1212 1205 1263 sed
1256 1211 1588 1263 fundamenta
1635 1209 1900 1263 doctrinae
1935 1208 2086 1276 hujus
2122 1228 2154 1264 e
2189 1213 2265 1264 rei

2 1313 140 1380 psius
187 1313 383 1364 natura
431 1326 585 1377 quam
622 1310 923 1363 brevissime
955 1311 1261 1363 adumbrare
1295 1326 1432 1362 nnnc
1467 1311 1654 1378 placet.
1739 1310 2046 1377 Poteritque
2083 1309 2166 1363 hic
2201 1327 2267 1363 eo

0 1411 186 1462 nevius
225 1427 316 1462 res
353 1410 590 1475 transigi,
627 1425 730 1475 qno
768 1411 934 1475 magis
971 1411 1113 1478 prius
1147 1411 1287 1462 dicta
1320 1425 1458 1463 nunc
1491 1424 1697 1476 quoque
1732 1408 1895 1476 probo
1910 1408 2268 1473 defendoque3

0 1510 32 1560 si
62 1516 240 1562 tamen
279 1509 415 1561 forte
451 1510 603 1561 aliter
631 1507 743 1573 jam
777 1510 831 1560 in
867 1510 1070 1574 singula
1105 1525 1165 1561 re
1213 1507 1435 1575 quadam
1483 1515 1657 1560 statuo
1704 1508 1789 1559 vel
1822 1507 1943 1560 novi
1978 1507 2103 1573 quid
2141 1522 2268 1576 pau·

0 1608 212 1663 [lendum
250 1611 495 1674 videtur,
542 1608 697 1676 paulo
734 1610 985 1676 prolixius
1019 1608 1292 1660 dicendum
1327 1609 1446 1662 erit.

125 1749 169 1802 Ι.
222 1749 358 1802 Soni
404 1749 572 1800 finalis
622 1747 887 1816 rhythmus
939 1748 1133 1817 (germ.
1169 1750 1353 1819 Reim)
1405 1752 1473 1803 ab
1524 1751 1663 1803 omni
1698 1748 1819 1801 inde
1853 1754 2027 1801 aetate
2062 1749 2115 1800 in
2148 1763 2267 1800 sen-
2302 1766 2410 1814 777

0 1849 264 1902 tentiamm
329 1849 564 1915 gravium
626 1848 763 1900 serie
827 1850 913 1901 vel
961 1850 1016 1901 in
1072 1851 1305 1903 oratione
1351 1850 1649 1902 sublimiore
1699 1846 1957 1909 Arabibus
2003 1846 2270 1899 adamatus

0 1955 105 1998 erat
135 1946 224 2014 ει);
281 1949 569 2013 eodemque
611 1945 944 2000 Mnlnammed
995 1949 1047 1999 in
1097 1950 1249 2001 Suris
1294 1949 1669 2015 antiquioribus
1714 1946 1841 1997 satis
1895 1944 2170 2011 diligenter
2215 1952 2272 1997 et

0 2055 235 2112 venuste,
288 2047 343 2098 in
384 2047 664 2098 serioribus
700 2047 1051 2112 negligentius
1101 2055 1156 2100 et
1203 2048 1450 2103 audacius
1483 2049 1673 2102 utitur.
1758 2044 1880 2099 Quo
1916 2058 1985 2094 ex
2022 2043 2271 2095 orationis

2 2144 310 2197 sublimioris
363 2154 548 2197 ornatu
595 2142 912 2211 syllabarum
961 2144 1198 2212 rhythmo
1247 2147 1529 2199 accedente
1561 2160 1748 2196 versus
1785 2142 2020 2210 poeticus
2060 2150 2273 2194 exortus

3 2248 104 2308 est,
150 2244 349 2312 duplici
398 2258 603 2312 semper
639 2244 737 2296 hoc
772 2243 1009 2310 rhythmo
1045 2244 1141 2296 hac
1175 2247 1293 2311 lege
1328 2246 1527 2296 summa
1561 2249 1832 2306 constans,
1867 2248 1928 2292 ut
1962 2255 2065 2307 quo
2102 2241 2271 2292 minus

5 2349 214 2395 metrum
264 2343 577 2411 perpolitum
630 2350 683 2395 et
719 2352 986 2396 venustum
1023 2350 1135 2409 est,
1189 2362 1254 2397 eo
1303 2345 1510 2411 gravior
1546 2358 1715 2410 eoque
1764 2341 1969 2409 saepius
2021 2342 2271 2410 repetitus

7 2442 67 2491 sit
95 2440 367 2508 rhythmus
401 2442 586 2494 finalis.

138 2587 469 2652 Syllabarum
517 2583 781 2651 rhythmus
828 2602 893 2638 eo
939 2586 1141 2639 facilius
1190 2585 1315 2636 oriri
1363 2585 1635 2652 excolique
1670 2590 1917 2652 poterat,
1969 2600 2073 2652 quo
2107 2586 2274 2651 magis
2303 2608 2409 2654 773

13 2682 227 2750 linguam
266 2700 363 2753 per
396 2700 454 2736 se
490 2682 590 2736 hnc
625 2685 869 2737 inclinare
903 2687 951 2749 S.
979 2690 1015 2737 5
1063 2684 1259 2736 dictum
1306 2692 1403 2737 est.
1496 2683 1776 2749 Legesque
1824 2684 2097 2752 prosodiae
2148 2685 2273 2736 sim·

15 2783 315 2849 plicissimae
349 2799 412 2836 ac
448 2784 889 2835 constantissimae
923 2781 1018 2835 hae
1053 2789 1199 2846 sunt,
1236 2788 1295 2832 ut
1328 2781 1527 2846 syllaba
1558 2782 1725 2834 vocali
1762 2783 1904 2835 brevi
1938 2786 2113 2836 clausa
2134 2800 2272 2835 sem·-
2298 2850 2309 2859 .

17 2898 100 2947 per
132 2882 334 2938 brevis.
369 2882 525 2946 longa
559 2874 733 2933 antem
756 2882 824 2932 sit
849 2882 1012 2932 vocali
1041 2881 1197 2947 longa
1223 2881 1398 2931 clausa
1416 2881 1497 2931 vel
1521 2889 1833 2933 consonante
1868 2883 2007 2934 finali
2040 2883 2272 2935 vocalem

17 2977 216 3032 brevem
257 2980 535 3032 distinente
584 2987 639 3031 et
685 2979 963 3032 inhibente.
1047 2980 1330 3031 Praeterea
1365 2979 1419 3029 in
1453 2980 1555 3030 fine
1591 2994 1770 3032 versus
1805 2981 2004 3046 syllaba
2039 2982 2208 3034 bresis
2243 2998 2275 3033 e

21 3077 118 3128 toni
150 3080 465 3145 quiescentis
499 3081 808 3132 necessitate
842 3093 1047 3147 semper
1081 3078 1399 3145 producitur.

149 3223 403 3276 Universa
452 3230 625 3274 autem
673 3229 955 3274 metrorum
1004 3222 1203 3273 indoles
1237 3219 1368 3273 haec
1404 3226 1513 3285 est,
1567 3228 1627 3273 ut
1654 3221 1867 3287 iambici
1905 3222 2113 3289 generis
2160 3223 2278 3274 sint.
2312 3237 2417 3284 779

29 3320 304 3385 Dijambus
356 3323 490 3375 enim
523 3337 627 3372 non
661 3322 715 3372 in
750 3321 1113 3388 antiquissimis
1155 3325 1355 3372 tantum
1390 3325 1444 3370 et
1477 3320 1647 3371 minus
1681 3321 1834 3372 cultis
1868 3322 2047 3372 metris
2082 3328 2281 3387 regnat,

30 3420 113 3470 sed
145 3425 299 3475 etiam
332 3422 633 3490 compositis
666 3421 828 3472 multo
866 3420 1098 3488 pluribus
1130 3420 1400 3485 magisque
1436 3420 1590 3470 cultis
1623 3418 1939 3471 fundamenti
1988 3421 2106 3472 loco
2155 3420 2283 3470 sub-

30 3524 207 3574 stratus
242 3529 339 3575 est.
424 3522 632 3586 Quique
669 3526 874 3585 praeter
908 3516 1190 3582 dijambum
1224 3518 1306 3568 vel
1345 3532 1439 3585 per
1491 3532 1550 3568 se
1598 3518 1681 3569 vel
1729 3518 1845 3570 aliis
1881 3518 2152 3586 compositi
2187 3518 2283 3569 ob-

34 3617 93 3667 vii
125 3628 238 3673 sunt
275 3622 465 3690 pedes,
503 3633 681 3671 omnes
718 3632 785 3667 ex
816 3616 996 3667 similis
1033 3623 1153 3667 sunt
1187 3614 1426 3681 generis,
1463 3631 1560 3667 nec
1588 3614 1816 3680 jambico
1855 3617 2033 3683 generi
2072 3616 2282 3668 inimici.

37 3712 155 3769 Nam
189 3719 554 3788 antispastum
591 3716 733 3765 dicas
768 3713 1049 3778 dijambum
1105 3730 1172 3765 ex
1221 3721 1370 3781 parte
1406 3716 1501 3765 sua
1537 3717 1824 3782 posteriore
1859 3717 2148 3780 inversum,
2196 3717 2285 3782 qui

153 3929 217 3991 1)
252 3943 300 3979 v.
338 3927 404 3978 de
440 3927 691 3992 opusculo
730 3923 828 3975 hoc
864 3921 1033 3986 deque
1068 3922 1160 3973 lite
1197 3937 1364 3989 nuper
1399 3922 1466 3973 de
1514 3925 1627 3973 tota
1661 3922 1961 3988 quaestione
1995 3922 2189 3988 agitata
2224 3923 2289 3972 li-

248 3998 422 4049 brum:
473 3995 906 4061 Abliandlungen
943 4010 1043 4042 zur
1077 3991 1491 4043 orientaliscloen
1521 3993 1635 4045 und
1669 3991 1953 4045 biblischen
1989 3994 2289 4044 Lieerutur.

248 4068 432 4119 Erster
466 4067 634 4120 Theil.
689 4068 841 4117 Gott.
879 4067 1036 4116 1832.
1082 4081 1133 4131 p.
1167 4066 1354 4115 11-52.

146 4164 206 4231 2)
260 4167 323 4218 cf.
351 4172 665 4234 praeterea,
701 4180 836 4230 quae
869 4163 922 4215 in
958 4162 1210 4231 opusculo
1245 4176 1364 4213 meo
1403 4178 1452 4229 p.
1475 4164 1548 4212 30
1582 4162 1738 4212 allata
1773 4168 1921 4227 sunt,
1956 4161 2109 4212 Ham.
2138 4178 2187 4226 p.
2206 4164 2294 4223 98,

255 4243 321 4288 18
355 4254 466 4302 sqq.

1596 4326 1668 4389 21
1711 4329 1737 4355 ⁸
