2675 4692
572 329 692 399 De
744 329 1116 402 vocalibus
1162 329 1786 402 concurrentibus.
2212 340 2309 412 51

54 592 57 617 ἶ
107 511 224 579 literis
272 520 393 588 ,εξ
449 531 528 576 ex
594 531 673 576 eo
729 509 888 577 ortis
947 506 1048 600 (g.
1084 507 1390 595 86-88),
1453 530 1604 579 cum
1662 508 2067 577 consonantis
2116 509 2316 577 instar

54 624 55 629 ’
105 626 171 707 sit,
197 624 417 692 Snkun
461 623 976 710 superscribamr
1013 645 1282 690 necesse
1323 632 1442 690 est.
1483 638 1490 644 ’

203 781 533 871 Expositis
600 780 690 848 ita
748 790 813 848 et
877 783 1358 849 consonantium
1422 776 1516 849 et¹
1550 777 1859 846 vocalium
1919 776 2313 865 singularum
2356 790 2430 841 92

54 930 55 943 ι
102 902 271 962 natura
330 907 398 963 et
449 895 801 981 scriptura,
869 894 955 960 ad
997 894 1321 963 literarum
1359 894 1525 961 inter
1569 901 1990 959 consonantes
2033 901 2099 959 et
2141 913 2329 956 voca-

54 1068 55 1113 }
100 998 155 1074 les
185 1009 532 1098 ancipitum
576 1061 606 1111 9
650 1017 717 1074 et
757 1046 811 1105 ἐξ
856 1008 1294 1096 remotiusque
1335 1006 1487 1073 hinc
1533 1005 1826 1072 distantis
1872 1018 1886 1083 ξ
1932 1014 2223 1070 naturam
2268 1015 2332 1071 et

54 1116 55 1187 l
99 1137 219 1227 leges
273 1137 682 1229 explicandas
735 1140 1285 1229 progrediendum
1349 1150 1467 1208 est.
1579 1138 1767 1213 Quae
1824 1158 1972 1202 cum
2014 1133 2323 1200 VOCfllium

54 1304 55 1307 η
99 1249 319 1339 ipsarum
389 1252 639 1319 ratione
705 1256 926 1319 mu'tua
984 1252 1159 1320 haud
1219 1252 1538 1321 intellecta
1593 1244 1913 1340 nequeant
1971 1246 2324 1326 dilucidari,

101 1361 148 1429 de
172 1365 264 1432 his
306 1364 418 1429 hic
458 1363 637 1452 prius
682 1362 1001 1431 disserere
1042 1375 1318 1455 oportet.

54 1594 55 1599 ἵ
207 1519 545 1586 Vocalium
603 1544 985 1590 concursum
1040 1523 1323 1599 Arabum
1380 1542 1587 1607 aeque
1634 1540 1714 1584 ac
1756 1517 2062 1586 sanscrita
2101 1517 2322 1606 lingua
2365 1540 2436 1589 93

54 1654 55 1657 ’
99 1629 248 1719 fugit3
292 1645 527 1721 estque
561 1656 640 1700 ex
674 1635 800 1703 hac
838 1636 989 1725 lege
1034 1636 1287 1703 omnino
1331 1630 1833 1722 procedendum.
1919 1632 2328 1697 Concurren-

99 1754 156 1810 tes
194 1757 407 1813 autem
453 1744 625 1813 duae
669 1757 780 1813 aut
809 1771 1027 1835 pares
1070 1749 1188 1816 sibi
1248 1759 1429 1829 sunt,
1496 1768 1727 1834 nempe
1771 1768 1941 1820 a-a,
1980 1744 2113 1824 i-i‚
2156 1765 2326 1824 u-u,

101 1868 170 1922 aut
204 1858 530 1946 impare&
629 1857 839 1926 Pares
880 1859 1050 1927 duae
1089 1862 1357 1942 breves,
1411 1860 1466 1929 si
1506 1882 1663 1926 sono
1713 1855 1925 1924 medio
1967 1855 2139 1924 haud
2180 1854 2329 1921 diri-
2393 1854 2398 1861 '

100 1981 329 2051 mantnt,
394 1970 463 2036 in
507 1992 699 2035 unam
737 1970 999 2059 longam
1043 1973 1430 2041 coalescunt.
1547 1973 1786 2059 Longa
1828 1980 2044 2036 autem
2097 1967 2330 2036 vocalis

103 2082 240 2149 etiam
279 2084 369 2149 ibi
408 2107 490 2149 ex
531 2083 781 2151 duabus
828 2085 1030 2152 oritur
1049 2135 1068 2165 ,
1106 2087 1250 2153 -ubi
1292 2086 1469 2175 prior
1514 2084 1775 2151 alteram
1820 2094 1933 2149 aut
1988 2081 2108 2148 sibi
2173 2080 2329 2147 assi-

54 2258 55 2271 ,
101 2195 227 2263 milat
267 2209 383 2264 aut
423 2196 598 2286 pellit
639 2196 703 2261 in
749 2192 1014 2287 ejusqu'e
1055 2199 1268 2267 locum
1309 2196 1619 2267 succedit.
1649 2234 1738 2246 —
1789 2180 2136 2285 Imparium
2170 2194 2333 2262 ratio

54 2302 57 2409 ζ
102 2320 139 2375 et
171 2310 401 2377 classes
447 2321 599 2377 sunt
637 2308 957 2378 diversae:

54 2412 57 2479 l

228 2469 284 2535 1.
326 2468 453 2534 u-i
488 2465 589 2533 vel
626 2466 752 2533 i-u
801 2477 1255 2534 concurrentes
1298 2487 1448 2531 cum
1485 2464 1550 2530 in
1581 2484 1805 2532 sonum
1838 2465 2151 2556 duplicem
2179 2491 2334 2537 con·
2377 2478 2451 2528 94

54 2664 55 2677 χ
102 2578 207 2646 flari
240 2590 600 2670 nequeant,
654 2579 773 2645 nisi
814 2580 989 2668 prior
1031 2581 1095 2645 in
1137 2576 1581 2646 semivocalem
1617 2580 1842 2646 transit
1883 2578 1985 2669 (§.
2030 2580 2191 2669 96),
2251 2581 2339 2648 al-

54 2712 55 2789 }
101 2694 258 2761 terius
300 2717 497 2761 sonus
540 2692 722 2760 alteri
765 2693 1140 2760 assimilatus
1185 2691 1360 2759 cedit
1397 2714 1658 2780 prorsus
1717 2703 1783 2760 et
1825 2695 2177 2775 evanescit,
2230 2695 2339 2784 ju·-

54 2804 55 2825 ¹
103 2817 253 2872 rante
327 2805 707 2896 praesertim
781 2806 954 2895 apud
1019 2809 1266 2873 Arabes
1337 2806 1473 2872 soni
1548 2806 1879 2894 utriusque
1939 2806 2341 2874 similitudine

102 2914 149 3006 §¹
178 2922 274 2987 70.
370 2902 466 2988 Et
508 2919 867 3008 proximum
911 2918 1167 3008 quidem
1213 2918 1340 2984 hoc
1387 2929 1517 2998 est,
1560 2929 1633 2985 ut
1671 2942 1866 2985 sonus
1907 2920 2084 3007 prior
2124 2932 2340 3009 poste-

100 3030 295 3098 riorem
338 3033 458 3099 sibi
502 3029 904 3098 assimilando
955 3032 1177 3121 pellat:
1243 3031 1365 3097 uqi
1401 3043 1492 3107 Z
1525 3034 1571 3096 u
1614 3054 1631 3113 ;
1675 3031 1801 3099 i-n
1837 3044 1926 3094 ΣΞ
1958 3035 2023 3115 53
2096 3034 2149 3100 si
2192 3010 2344 3100 vero

101 3147 378 3231 posterior
419 3155 533 3212 aut
589 3168 628 3211 e
676 3144 922 3212 formae
981 3147 1038 3212 vi
1093 3143 1306 3235 potior
1359 3143 1779 3236 validiorque,
1835 3154 1946 3213 aut
1993 3144 2191 3234 longa
2247 3159 2347 3215 est

104 3270 220 3343 post
252 3260 512 3325 brevem
530 3307 551 3339 ,
616 3258 794 3346 prior
838 3258 1010 3326 cedit
1048 3260 1404 3349 posteriori.

236 3419 297 3483 2.
336 3416 541 3483 vocali
585 3439 631 3480 a
677 3437 825 3481 cum
879 3415 909 3479 i
960 3416 1058 3481 vel
1105 3442 1153 3482 u
1194 3429 1652 3498 concurrente,
1713 3414 1853 3483 soni
1895 3427 2242 3484 occurrunt
2281 3427 2349 3486 et

108 3523 349 3615 impares
394 3542 461 3599 et
502 3529 624 3597 sibi
664 3528 935 3595 invicem
977 3533 1254 3620 oppositi
1272 3554 1293 3616 3
1355 3540 1431 3599 ut
1471 3529 1667 3616 longe
1710 3525 1961 3597 diversa
2002 3531 2085 3599 sit
2125 3554 2347 3598 eorum

111 3641 278 3711 rau'o:

252 3773 324 3863 1)
369 3770 793 3844 antecedente
851 3790 890 3841 ἅ
933 3794 973 3837 e
999 3772 1324 3841 'vocalium
1371 3797 1688 3843 concursu
1720 3776 2157 3868 diphthongus
2200 3766 2364 3844 oriri-
2395 3799 2466 3847 95

118 3897 295 3971 potest
346 3889 422 3954 ai
480 3911 536 3954 v.
579 3909 678 3950 αιι
718 3880 821 3974 (δ.
850 3883 993 3971 69).
1098 3887 1332 3977 anue
1390 3912 1429 3954 e
1471 3912 1651 3957 more
1692 3891 1893 3961 oritur
1932 3904 2068 3959 tum
2106 3891 2356 3981 praeci-

122 4019 218 4083 pue
256 4011 621 4081 constante,
679 3998 735 4065 si
781 3999 1012 4065 vocalis
1049 4003 1368 4089 posterior
1409 4003 1624 4091 longa
1667 4015 1782 4071 est.
1884 4005 2021 4072 Sed
2076 4005 2357 4073 vocalem

123 4109 339 4181 brevem
420 4122 797 4203 sequentem
859 4112 1246 4182 antecedens
1301 4138 1350 4179 a
1403 4116 1613 4206 potior
1674 4117 2023 4207 fortiusque
2080 4139 2360 4207 pronun-

128 4223 257 4294 data
312 4228 550 4319 pellere
607 4215 801 4293 etiam
845 4236 913 4319 et
956 4225 1194 4295 elidere
1221 4240 1483 4319 potest,
1546 4230 1689 4320 ipsa
1723 4231 1790 4296 in
1830 4248 2057 4299 sonum
2097 4230 2361 4317 longum

130 4334 155 4397 ὅ
184 4351 487 4423 protensa.

1709 4454 1751 4519 4
1773 4456 1799 4484 *0
