2675 4692
153 720 263 771 540

290 177 393 247 30
893 162 1012 233 De
1057 163 1349 257 objecto
1395 173 1472 233 et
1534 167 1963 240 accusativo.

289 346 835 437 frequentissimus
850 395 869 427 ,
913 357 1027 414 aut
1062 347 1333 436 abrupte
1361 346 1813 435 interjectionis
1843 348 1902 414 vi
1937 349 2224 437 ponitur,
2266 360 2378 418 aut
2426 351 2598 418 sub-

290 463 596 546 stantivo,
644 464 876 531 evitato
919 473 1093 531 statu
1130 471 1369 529 constr.
1387 511 1407 544 ‚
1455 462 1576 552 ipsi
1622 460 2050 554 subjungitur.

455 704 509 772 Ι.
551 704 967 772 Accusativus
1012 701 1439 770 enunciationi
1481 703 1758 771 insertus
1801 713 1917 771 aut
1954 703 2214 794 propius
2255 701 2342 770 ad
2385 725 2596 794 prae-

289 815 571 884 dicatum
610 818 919 907 pertinet,
981 829 1098 887 aut
1137 818 1462 885 remotius.
1557 817 1675 884 Illa
1715 818 2060 885 accusativi
2101 819 2386 907 species,
2449 841 2596 907 qua

288 930 552 1020 propius
599 929 1041 1020 praedicatum
1082 930 1578 1013 circumscribit,
1620 931 1685 997 in
1717 932 1948 1000 nostris
1987 930 2220 1020 linguis
2257 931 2400 1001 sola
2438 932 2594 999 sere

288 1044 695 1135 frequentata
737 1053 854 1113 est.

459 1218 519 1284 1.
560 1212 1040 1295 Praedicatum,
1086 1212 1263 1304 quod
1297 1213 1658 1282 accusativo
1693 1212 2250 1297 circumscribitur,
2291 1213 2588 1304 plerum-

288 1352 423 1420 que
456 1326 752 1422 verbum·
783 1339 899 1396 est.
987 1328 1273 1397 Verbum
1315 1338 1529 1395 autem
1576 1341 1687 1397 aut
1731 1329 2124 1396 transitivum
2156 1340 2269 1396 aut
2291 1329 2588 1396 intrans-

285 1443 504 1511 itivum
559 1442 991 1510 accusativum
1048 1440 1165 1509 sibi
1213 1441 1577 1532 subjungit3
1636 1439 1724 1510 ad
1762 1443 1960 1509 verba
1999 1443 2395 1512 intransitiva
2438 1442 2583 1510 ad-

267 1554 541 1641 jectiva
586 1555 771 1625 simul
810 1554 1007 1624 multa
1056 1553 1394 1624 accedunt.

450 1735 531 1805 In
590 1739 797 1807 verbis
845 1739 1171 1810 transitive
1225 1735 1609 1828 usurpandis
1654 1736 1928 1803 maxima
1981 1734 2243 1826 linguae
2286 1740 2583 1809 cernitur

285 1847 634 1920 volubilitas
694 1865 763 1923 et
804 1853 1079 1922 libertas.
1182 1853 1357 1920 Nam
1403 1852 1769 1940 ubicunque
1810 1850 1985 1916 verbi
2026 1852 2200 1919 notio
2244 1853 2578 1946 objectum

285 1961 544 2054 aliquod
587 1977 736 2034 actu
779 1969 992 2038 statim
1032 1968 1216 2057 tangi
1263 1967 1360 2035 vel
1403 1965 1642 2034 moveri
1680 1964 2046 2054 significare
2090 1977 2344 2055 potest,
2393 1981 2577 2037 arcta

283 2076 451 2146 haec
518 2082 862 2150 accusativi
910 2084 1218 2176 junctura
1284 2082 1507 2171 fertur.
1620 2080 1699 2148 In
1752 2078 2061 2161 nonnullis
2118 2079 2317 2166 igitur
2360 2083 2573 2150 verbis

282 2192 422 2282 ipsa
477 2193 698 2284 lingua
749 2197 916 2265 inter
966 2199 1337 2290 juncturam
1394 2216 1514 2284 per
1577 2192 2079 2283 praepositiones
2137 2193 2448 2264 laxiorem
2506 2208 2573 2265 et

189 2288 195 2294 ¹
278 2310 624 2378 accusativi
686 2322 932 2378 arctam
983 2311 1070 2379 ita
1130 2309 1432 2397 ambigit,
1499 2320 1571 2376 ut
1626 2308 1791 2374 haec
1829 2306 2207 2398 plerumque
2244 2313 2574 2381 recentior

279 2504 348 2567 ut
406 2518 447 2563 a
495 2497 706 2586 poetis
768 2507 1002 2567 novata
1061 2498 1176 2580 sit,
1243 2506 1318 2564 ut
1359 2452 1466 2549 [Ᾰὲ
1506 2518 1547 2562 e
1587 2494 1738 2581 lege
1768 2494 2068 2584 jungitur
2107 2519 2258 2567 cum
2303 2441 2410 2585 δέ
2454 2523 2568 2567 re-

277 2607 488 2673 cessit
524 2606 616 2675 ab
657 2632 735 2675 eo
774 2610 816 2678 i.
850 2633 907 2678 e.
951 2608 1403 2688 condonavit,
1446 2620 1515 2677 et
1555 2608 1810 2676 brevius
1846 2630 1994 2675 cum
2024 2612 2389 2681 accusativo
2415 2637 2568 2702 poe-

275 2719 411 2789 tice
423 2723 620 2793 Ham.
644 2748 707 2812 p.
720 2726 831 2809 97,
872 2748 933 2795 v.
960 2725 1023 2790 2.
1107 2723 1185 2790 In
1209 2721 1345 2790 aliis
1385 2721 1610 2811 lingua
1647 2733 1933 2793 veterem
1973 2723 2143 2795 inter
2171 2736 2563 2796 structuram

275 2919 345 2977 et
395 2918 728 2980 recentem
771 2914 1083 2997 fluctuat,
1135 2920 1211 2979 ut
1251 2867 1408 3013 *3ξὲ
1455 2910 1687 2978 haesit
1730 2919 1797 2979 et
1838 2933 1985 2978 cum
2023 2931 2091 2985 ‘e’
2129 2910 2460 2979 adhaesit
2500 2915 2566 2981 ei

270 3067 314 3136 i.
354 3091 413 3137 e.
481 3072 755 3139 amavit
816 3095 973 3139 eam
1035 3083 1105 3141 et
1166 3095 1315 3140 cum
1371 3067 1655 3160 simplice
1713 3070 2079 3140 accusativo
2134 3071 2390 3160 Koseg.
2430 3071 2564 3139 chr.

271 3205 335 3288 p.
366 3183 489 3251 141
507 3228 530 3260 ,
569 3187 632 3252 2.
730 3186 808 3253 In
858 3184 993 3255 aliis
1054 3182 1333 3277 denique
1372 3183 1762 3277 praepositio
1819 3185 1906 3251 ob
1959 3206 2191 3253 novam
2243 3186 2562 3256 notionem

272 3383 674 3440 constantem
728 3395 995 3463 prorsus
1054 3372 1395 3443 obliterata
1459 3380 1559 3440 est
1576 3421 1597 3454 ,
1655 3383 1728 3440 ut
1761 3329 1860 3470 '543
1902 3372 2162 3463 proprie
2220 3372 2555 3454 adhaesit,

136 3522 149 3533 ’
274 3532 429 3623 quia
470 3542 719 3601 tantum
757 3531 955 3623 sequi
994 3543 1214 3616 notat,
1282 3543 1599 3624 perpetuo
1644 3534 2009 3603 accusativo
2051 3532 2316 3622 simplici
2346 3532 2554 3625 jungi-

267 3658 396 3715 tur.
503 3645 641 3714 Sed
684 3646 932 3730 omnia‚
996 3659 1192 3738 prout
1233 3659 1349 3716 aut
1383 3648 1958 3738 praepositionibus
2006 3660 2119 3715 ant
2160 3646 2414 3715 brevius
2453 3669 2554 3715 ac-

275 3760 562 3829 cusativo
599 3761 986 3854 junguntur,
1025 3764 1225 3831 verba
1268 3784 1670 3846 enumerare,
1716 3786 1865 3830 cum
1906 3763 1973 3828 in
2013 3760 2278 3849 singulis
2320 3782 2553 3829 summa

270 3874 356 3944 sit
394 3877 671 3946 varietas
714 3901 754 3945 e
797 3876 1071 3968 cujusvis
1114 3876 1349 3945 radicis
1394 3877 1656 3946 notione
1699 3873 2194 3965 cognoscenda,
2260 3898 2392 3942 non
2430 3888 2550 3944 tam

267 3988 459 4081 hujus
512 3990 638 4059 loci
700 4003 801 4061 est
865 4013 1060 4078 quam
1111 3988 1330 4075 lexici3
1400 3991 1485 4059 de
1538 3992 1888 4080 generibus
1945 4001 2161 4059 tamen
2219 3991 2548 4057 verborum

265 4101 687 4190 quibusdam,
741 4126 1018 4194 quorum
1068 4104 1379 4196 junctura
1424 4106 1611 4178 nobis
1653 4104 1925 4175 difficilis
1974 4104 2109 4173 visa
2155 4126 2235 4173 ex
2279 4105 2406 4172 una
2441 4126 2544 4171 no-

265 4215 441 4284 tione
480 4218 656 4301 fluit,
710 4240 922 4308 pauca
964 4218 1274 4290 «fiemus.
