2675 4692
321 196 474 265 334
887 152 1163 255 Brevis.
1196 194 1595 254 metrorum
1657 186 2002 255 doctrina.

321 423 470 483 teger
504 421 586 481 est
620 419 838 481 uterque
873 429 1054 468 versus
1089 384 1828 483 ovss-{tvssz-›v-ss—,
1876 420 1930 470 in
1962 432 2067 485 quo
2104 419 2268 486 prima
2298 419 2471 472 ionici
2510 437 2605 488 po·

320 515 550 567 sterioris
597 515 760 566 multo
805 513 997 581 pluries
1034 514 1335 583 producitur
1369 530 1525 582 quam
1558 514 1730 569 brevis
1763 522 1968 582 manet,
2019 517 2220 569 scilicet
2264 534 2373 584 qno
2416 534 2608 571 veras

321 620 439 682 post
473 613 794 665 celerrimum
841 628 1046 666 cursum
1080 619 1202 666 ante
1236 615 1394 667 finem
1441 615 1596 683 paulo
1638 612 1931 667 inhibeatur
1974 612 2277 683 firmiusque
2310 619 2607 681 consistat3

320 720 597 781 potestque
644 712 750 777 sic,
804 711 986 765 eadem
1035 729 1138 779 qua
1171 715 1223 766 in
1259 719 1428 765 metro
1463 714 1623 782 priori
1658 714 1888 779 ratione,
1937 715 2135 767 ionicus
2168 717 2385 768 ultimas
2418 724 2525 768 aut
2558 719 2611 769 in

322 814 481 882 priori
515 818 607 865 aut
636 812 689 865 in
725 813 1001 880 posteriori
1037 829 1187 865 versu
1221 813 1274 865 in
1293 820 1624 881 anapaestum
1652 814 1886 866 transire.
1953 813 2065 867 Sed
2088 829 2209 867 cmn
2228 816 2449 867 omnino
2468 816 2607 867 ioni-

322 928 415 965 cus
449 913 706 981 posterior
738 912 792 963 iu
829 912 1115 967 breviorem
1148 915 1438 966 catalectici
1470 911 1679 964 modum
1707 913 1946 977 inclinet,
1985 915 2148 967 multo
2183 914 2353 981 magis
2391 932 2426 967 e
2460 931 2612 967 nore

323 1017 430 1077 est,
490 1018 767 1077 utrumque
813 1015 1016 1064 versum
1064 1012 1300 1064 similiter
1347 1012 1650 1063 adornatum
1694 1012 2053 1065 catalecticum
2107 1013 2376 1067 exhibere.
2486 1017 2611 1071 Οὐ

321 1112 519 1164 ratione
552 1126 670 1162 cum
704 1115 1007 1177 anapaestus
1047 1108 1258 1160 ultimus
1290 1124 1497 1176 semper
1531 1111 1798 1163 celerrime
1834 1111 2111 1163 decurrere
2141 1114 2343 1179 soleat,
2392 1120 2463 1165 ut
2500 1114 2608 1181 pri-

320 1227 407 1264 ma
453 1209 567 1277 ejus
601 1209 799 1275 syllaba
834 1208 1004 1260 brevis
1037 1212 1275 1272 maneat,
1333 1207 1477 1275 prior
1512 1215 1818 1277 anapaestus
1852 1210 2100 1277 syllabam
2134 1226 2282 1263 suam
2319 1213 2549 1279 primam
2574 1229 2607 1264 e

320 1326 465 1363 more
511 1309 778 1378 producit,
825 1322 929 1375 quo
964 1321 1067 1358 vox
1102 1305 1155 1357 in
1203 1305 1375 1358 medio
1408 1322 1561 1360 versu
1608 1305 1794 1361 habeat
1827 1308 1918 1361 ubi
1951 1308 2244 1376 requiescat
2296 1309 2603 1375 firmiusque

321 1410 581 1463 consistat.
651 1408 935 1472 Potestque
970 1410 1277 1472 anapaestus
1311 1406 1522 1457 ultimus
1554 1406 1607 1458 in
1644 1403 1881 1473 rhythmo
1915 1407 2052 1458 finali
2087 1422 2156 1459 ex
2190 1407 2441 1460 similium
2482 1423 2599 1461 ver-

319 1543 468 1580 suum
497 1526 736 1593 exemplo
771 1523 974 1591 (5591)
988 1520 1095 1590 sq.)
1124 1522 1177 1574 in
1204 1493 1275 1562 -2-
1298 1495 1364 1563 ·⁸-
1416 1522 1663 1576 contrahi.
1696 1549 1764 1564 -—
1818 1523 2076 1577 Notabilis
2113 1531 2194 1577 est
2231 1526 2399 1577 rarior
2436 1526 2604 1578 form

318 1628 373 1679 in
405 1625 560 1678 Ham.
596 1641 649 1693 p.
666 1626 774 1675 414
806 1637 884 1688 sq.
970 1621 1186 1674 Scilicet
1216 1621 1371 1674 ionici
1406 1630 1463 1673 et
1509 1623 1771 1691 anapaesti
1818 1624 1980 1676 series
2026 1623 2108 1675 bis
2156 1624 2407 1692 ponitur,
2464 1632 2527 1676 ut
2570 1641 2603 1676 e

319 1726 456 1781 serie
499 1723 594 1777 hac
640 1723 846 1791 duplice
892 1736 1070 1772 versus
1118 1722 1328 1774 oriatur.
1413 1721 1522 1774 Sed
1556 1728 1776 1789 utraque
1809 1723 1972 1774 series
2004 1723 2083 1775 sic
2115 1722 2489 1789 conjungitur,
2544 1734 2603 1775 ιι

319 1830 624 1893 anapaestus
675 1821 928 1891 posterior
972 1820 1191 1872 celerius
1241 1821 1403 1888 prim-‘1
1452 1824 1651 1889 syllaba
1686 1821 1821 1874 haud
1856 1821 2143 1890 producta,
2197 1822 2345 1889 prior
2398 1822 2598 1873 tardius

321 1921 414 1975 hac
448 1924 560 1991 ipsa
595 1920 847 1990 producta
878 1918 1121 1972 incedere
1155 1919 1395 1985 studeat;
1437 1925 1601 1976 rarius
1633 1924 1767 1975 enim
1805 1923 1891 1973 lex
1926 1918 2055 1973 haec
2088 1918 2328 1970 violatur.
2414 1918 2597 1969 Cernis

318 2043 396 2095 sic
429 2050 710 2097 metrorum
744 2027 960 2122 3⁴3¹*ss
999 2046 1056 2092 et
1089 2027 1316 2126 leta-»4³1
1351 2042 1614 2108 origines3
1663 2041 1766 2093 nisi
1815 2037 1956 2106 quod
2004 2035 2105 2088 hoc
2153 2037 2323 2088 rarius
2374 2044 2595 2090 metra-

319 2161 609 2230 rhythmum
642 2162 847 2214 finalem
880 2158 935 2211 in
967 2158 1195 2211 alternos
1229 2174 1412 2213 versus
1448 2173 1712 2212 reservare
1744 2157 1974 2210 nondum
2007 2155 2204 2208 didicit.

181 2408 289 2458 804
457 2405 559 2474 15)
595 2343 811 2477 :uis
847 2399 1018 2469 (leve)
1067 2399 1247 2451 ionicis
1299 2398 1502 2450 duobus
1551 2397 1835 2464 dijambum
1870 2397 2153 2462 immiscet,
2200 2397 2293 2462 qui
2327 2395 2589 2448 turbulea—

316 2550 428 2595 tum
473 2542 678 2594 illorum
720 2552 957 2606 gressum
1002 2540 1257 2603 temperet
1311 2538 1367 2585 et
1414 2533 1634 2599 mitiget.
1722 2534 1863 2587 Hinc
1913 2542 2134 2586 metrum
2170 2533 2271 2584 hoc
2305 2534 2361 2584 in
2397 2532 2589 2584 deliciis

316 2648 399 2694 est
446 2639 705 2704 Arabum,
755 2643 811 2689 et
861 2637 912 2687 in
948 2634 1270 2702 gravioribus
1306 2648 1466 2700 saepe
1501 2630 1802 2684 adhibitum.
1895 2633 2141 2684 Ceterum
2176 2648 2295 2684 cum
2333 2632 2583 2698 diiambus

316 2741 488 2793 ionico
539 2738 692 2806 spatii
739 2736 938 2788 ratione
992 2749 1201 2802 prorsus
1240 2730 1582 2800 respondeat,
1627 2733 1792 2800 quivis
1828 2748 1922 2800 pes
1956 2745 2053 2800 per
2085 2746 2147 2782 se
2182 2731 2396 2798 ponitur
2429 2746 2582 2795 aeque

315 2856 380 2890 ac
415 2839 468 2890 in
501 2835 811 2904 simplicibus
847 2832 1041 2884 metris.
1126 2830 1229 2883 Est
1266 2837 1439 2883 tamen
1473 2830 1639 2898 prima
1682 2830 1893 2898 dijambi
1926 2829 2162 2895 syllaba,
2212 2837 2275 2879 ut
2308 2836 2431 2896 post
2466 2829 2583 2880 dns

319 2954 351 2989 e
384 2937 503 3003 lege
538 2935 685 2987 simul
735 2931 1013 3001 productas
1062 2930 1347 2994 collocata,
1406 2928 1612 3017 saofius
1665 2928 1837 2980 brevis
1880 2936 2084 2980 servata
2131 2944 2287 2994 quam
2322 2927 2580 2996 producta.

319 3034 435 3088 Nee
487 3032 810 3085 choriambus
864 3030 1089 3098 dijambo
1124 3027 1242 3082 huic
1278 3043 1503 3095 unquam
1538 3027 1892 3092 substituitur,
1947 3029 2036 3094 qui
2069 3026 2284 3092 dijambi
2317 3028 2577 3079 consiliu-

319 3132 403 3188 hie
436 3134 733 3185 turbaturus
767 3129 921 3183 foret.
1002 3129 1289 3196 Placetque
1321 3126 1545 3180 maxime
1579 3141 1759 3178 versus
1808 3126 2010 3192 integer
2057 3133 2112 3178 et
2147 3141 2362 3194 prorsus
2396 3141 2578 3191 aequa-

317 3271 466 3335 bilis;
522 3269 612 3322 ubi
666 3264 976 3331 notandum,
1030 3265 1253 3317 ionicum
1305 3263 1542 3316 ultimum
1587 3267 1708 3313 ante
1757 3258 2047 3326 rhythmum
2097 3264 2182 3315 tin.
2231 3263 2284 3315 in
2327 3282 2407 3313 νυ
2431 3235 2578 3303 —ss-

318 3368 552 3424 contrahi
586 3382 769 3437 possea
816 3381 910 3434 per
945 3382 1003 3418 se
1038 3366 1174 3417 enim
1213 3362 1348 3415 haud
1384 3362 1539 3414 dubie
1570 3360 1670 3415 hoc
1702 3363 1853 3428 licet,
1898 3363 1995 3414 sed
2033 3378 2150 3415 cum
2198 3363 2327 3413 alias
2365 3363 2577 3414 celerem

321 3478 376 3523 et
409 3474 612 3537 gratum
643 3478 975 3535 progressum
1007 3464 1157 3516 nimis
1190 3463 1513 3515 turbaturum
1548 3468 1716 3527 esset,
1752 3462 1882 3514 bene
1913 3478 2018 3514 nou
2056 3460 2329 3513 adhibetur
2364 3462 2459 3513 nisi
2493 3462 2574 3512 ubi

321 3588 353 3623 e
381 3567 618 3634 rhythmo
653 3568 742 3620 fin.
777 3567 1016 3634 proxilne
1052 3572 1303 3633 sequente
1332 3569 1625 3616 excusatur.
1699 3561 1892 3613 Rarius
1925 3560 2139 3625 eadem,
2175 3577 2331 3627 quam
2367 3561 2421 3612 in
2451 3558 2573 3610 dno-

320 3670 418 3721 bus
466 3665 645 3719 metris
694 3665 1120 3732 praecedentibus
1167 3663 1419 3727 vidimus,
1475 3661 1628 3712 ionici
1665 3658 1969 3727 posterioris
2004 3661 2057 3711 in
2092 3665 2425 3727 anapaestum
2456 3674 2571 3725 pro·

320 3785 520 3839 olivitas
566 3781 650 3835 hie
697 3782 918 3849 ingruit,
964 3787 1026 3834 ut
1074 3780 1260 3833 eadem
1307 3780 1479 3830 omnia
1528 3787 1910 3844 cousequantur
1946 3795 2080 3845 quae
2114 3779 2268 3830 modo
2306 3779 2356 3829 in
2392 3769 2575 3848 ,χρυ

322 3904 668 3974 exposuimus.
721 3928 793 3940 —
859 3900 921 3953 ln
967 3898 1288 3952 brevioribus
1354 3896 1665 3949 carminibus
1728 3903 1901 3965 potest
1956 3898 2113 3950 etiam
2160 3899 2379 3965 simplex
2423 3896 2569 3948 ionici

321 4006 472 4057 unius
506 4008 562 4056 et
596 4000 809 4067 dijztmbi
844 4001 1006 4053 series
1039 4001 1189 4069 poni,
1226 4003 1287 4049 ut
1320 3996 1580 4065 posterior
1615 4011 1793 4049 versus
1828 3996 2111 4064 dijambum
2147 4013 2216 4050 ex
2246 3994 2457 4061 rhythmi
2487 3995 2565 4045 fin.

323 4101 612 4153 constantia
673 4106 765 4150 aut
813 4099 1072 4165 integrum
1126 4103 1217 4149 ant
1266 4096 1627 4149 catalecticum
1678 4094 1951 4160 exhibeat,
2023 4097 2078 4149 in
2128 4111 2233 4163 quo
2286 4094 2567 4147 catalectico

330 4219 643 4290 penultima,
679 4222 738 4267 ut
771 4215 824 4267 in
864 4204 1087 4304 Q!
1131 4216 1182 4278 S.
1209 4218 1316 4265 ‘199
1335 4251 1353 4278 ,
1390 4214 1568 4281 potius
1605 4214 1776 4266 brevis
1811 4220 2062 4266 servatur.
