2675 4692
348 153 500 233 336
925 152 1177 226 Brevis
1224 164 1629 225 metrorum
1676 155 2033 225 doctrina.

348 358 554 425 plenam
597 357 703 411 fert
747 358 802 410 in
853 357 1020 410 altero
1069 355 1303 410 membro
1351 355 1424 409 ita
1471 362 1724 411 servatam
1739 397 1756 424 ,
1807 365 1870 412 ut
1905 361 1955 414 ei
1988 362 2042 414 in
2076 363 2239 431 priori
2276 379 2341 446 ὁ
2404 366 2637 423 nie-k

347 512 689 583 respondeat,
738 518 799 567 ut
832 502 937 588 wi
1018 555 1083 571 ....
1136 461 1346 606 (ΞΑ-ς·
1386 513 1572 569 Arabs.
1606 514 1738 570 Falx.
1775 534 1828 587 p.
1847 519 1938 581 34,
1971 518 2007 569 6
2040 532 2075 569 a
2111 515 2147 570 f.
2184 520 2273 584 42,
2317 523 2409 573 13.
2448 525 2544 589 54,
2584 526 2629 574 1.

346 652 423 705 Ut
464 653 671 706 omnino
707 601 910 721 poeta:
931 658 1136 708 veteres
1172 605 1408 723 pulcrum
1452 655 1507 708 in
1542 651 1621 706 his
1656 655 1824 720 magis
1858 661 2121 723 spectasse
2155 662 2430 721 appareat.

205 804 316 854 808
489 807 707 860 Constat
753 812 928 860 autem
976 805 1242 875 rhythmus
1289 808 1328 864 ἰ.
1363 809 1574 861 ultimae
1608 806 1837 873 syllabae
1875 811 2192 860 consonante
2225 822 2398 875 aeque
2436 824 2505 860 ae
2539 824 2633 861 vo—

346 906 445 959 cali
479 906 663 959 eadem
699 907 1022 973 continuata,
1071 909 1179 960 sive
1214 908 1408 960 vocalis
1442 914 1695 975 sequatur
1730 908 1870 970 sive,
1905 906 2045 972 quod
2081 906 2277 970 rarius,
2327 907 2630 974 praece&

345 997 529 1052 Tenue
563 1014 689 1052 vero
726 1018 756 1056 x
794 997 967 1051 suffixi
1002 997 1085 1049 vel
1121 996 1238 1050 fem.
1274 1014 1355 1064 sg.
1392 1014 1487 1068 per
1521 1015 1580 1051 se
1617 999 1785 1051 solum
1820 998 2145 1050 consonantis
2195 1012 2387 1057 sonum
2428 998 2631 1064 insn-

345 1104 451 1142 non
481 1082 709 1159 explet,
762 1095 823 1143 ut
856 1091 901 1141 si
936 1088 990 1141 in
1025 1090 1126 1141 fine
1162 1105 1342 1142 versus
1379 1091 1697 1155 collocetur,
1746 1090 1879 1142 alius
1915 1088 2325 1158 praemittendus
2363 1090 2438 1141 sit
2470 1106 2626 1143 son-

347 1189 531 1242 similis
577 1191 787 1243 firmior.
872 1188 1087 1242 Tertiae
1136 1195 1308 1243 autem
1354 1189 1596 1243 radicalis
1646 1190 1907 1243 emollitae
1942 1204 2100 1243 sonus
2134 1192 2477 1245 consonantis
2512 1193 2625 1244 10oe

715 1317 743 1334 0
776 1315 803 1332 a
940 1290 999 1335 ‚ff

344 1355 563 1423 sufficit,
596 1363 657 1409 ut
691 1345 799 1440 ist
849 1370 868 1420 ζ
906 1346 986 1411 Ul
1012 1395 1035 1417 .

488 1476 599 1530 Sed
648 1478 870 1531 libenter
915 1477 967 1529 in
1005 1476 1186 1530 metris
1219 1476 1566 1532 ornatioribus
1602 1478 1741 1531 ultra
1774 1476 2005 1531 ultimam
2038 1477 2291 1544 syllabam
2327 1480 2449 1531 soni
2484 1479 2628 1531 ffi-

343 1577 409 1629 lis
431 1577 722 1629 «eoncordia
757 1575 1072 1631 extenditur.
1163 1576 1211 1629 E
1248 1593 1355 1644 quo
1389 1578 1559 1631 studio
1597 1579 1954 1647 gravissimum
1990 1583 2046 1630 et
2078 1577 2216 1646 apud
2252 1583 2468 1630 veteres
2504 1593 2628 1629 ou·-

343 1675 711 1729 stantissimum
764 1676 863 1730 boc
910 1678 1089 1745 fluxit,
1144 1685 1205 1731 ut
1249 1694 1356 1732 vox
1407 1679 1459 1730 iu
1512 1675 1855 1745 praecedente
1898 1675 2098 1742 syllaba
2142 1677 2299 1743 longa
2337 1677 2627 1729 eoum

344 1773 497 1824 exitu
547 1772 702 1842 hujus
749 1776 979 1841 syllabae
1025 1777 1191 1829 simili
1234 1775 1533 1846 praeludat
1582 1773 1819 1842 rhythmo
1871 1776 2010 1828 finali
2062 1791 2283 1842 eumque
2320 1776 2625 1827 suavissime

343 1879 635 1941 praeparet.
736 1876 1070 1943 Apparetque
1117 1877 1271 1940 satis,
1322 1872 1422 1928 hoc
1472 1874 1712 1928 facillime
1746 1875 1890 1941 fieri,
1938 1876 1984 1927 si
2034 1873 2235 1939 syllaba
2282 1871 2416 1926 haec
2472 1875 2625 1940 longa

346 1971 584 2039 proxima
614 1988 709 2025 seu
737 1975 1018 2042 penultima
1053 1980 1166 2039 est3
1204 1975 1367 2027 fertur
1388 1980 1560 2027 tamen
1596 1976 1769 2041 etiam,
1805 1975 1851 2026 si
1883 1979 2004 2025 aute
2039 1972 2251 2025 brevem
2286 1974 2621 2039 penultima-

344 2070 750 2138 antepenultima
801 2073 959 2140 longa
1006 2081 1115 2138 est3
1171 2079 1226 2126 at
1267 2076 1316 2126 si
1371 2073 1505 2126 dnae
1555 2072 1740 2124 breves
1791 2070 2107 2141 praecedunt
2126 2110 2145 2137 ‚
2198 2071 2404 2137 syllaba
2452 2072 2621 2137 longa,

346 2169 402 2220 in
425 2170 528 2235 qua
550 2170 856 2238 praeludens
893 2174 1143 2226 consistat
1177 2189 1298 2238 vox,
1333 2179 1440 2226 tam
1474 2177 1674 2225 remota
1711 2177 1821 2236 est,
1857 2176 1918 2222 ut
1951 2186 2054 2222 non
2092 2171 2262 2238 possit
2297 2169 2452 2222 facile
2484 2170 2621 2223 iden

349 2274 629 2321 concentus
664 2271 901 2337 cogitari.
971 2273 1301 2341 Possuntque
1330 2275 1384 2326 in
1409 2273 1646 2325 omnibus
1662 2310 1680 2336 ‚
1725 2275 1979 2337 quotquot
2012 2284 2172 2337 supra
2219 2269 2469 2338 descripti
2490 2275 2622 2333 sung

349 2385 617 2451 versibus,
683 2388 782 2438 tria
832 2393 1031 2442 tantum
1079 2389 1306 2456 rhythmi
1355 2390 1392 2443 f.
1445 2405 1639 2457 genera
1685 2386 1906 2454 cogitari
1948 2384 2176 2440 haecce=
2229 2423 2309 2440 ...
2333 2412 2405 2429 -
2427 2404 2515 2437 νυ
2542 2358 2622 2450 «2,

447 2528 506 2543 -
527 2521 561 2552 υ
585 2476 675 2561 -“-,
710 2476 775 2546 -¹-
801 2476 901 2571 ὲ,
951 2507 1016 2559 ae
1054 2506 1239 2574 quibus
1274 2507 1494 2573 siugulis
1523 2505 1633 2572 jam
1669 2506 1768 2558 erit
1800 2503 2091 2556 videndum.

208 2699 317 2749 309
493 2674 555 2743 1)
595 2713 608 2727 .
630 2712 645 2727 .
669 2714 684 2727 .
709 2699 769 2716 —
793 2693 874 2727 vv
907 2650 958 2718 -Ι-
981 2715 996 2729 .
1087 2675 1149 2729 In
1196 2675 1296 2730 hoc
1344 2692 1539 2744 genere
1586 2681 1696 2730 tota
1731 2674 1959 2743 rhythmi
1989 2675 2024 2729 s.
2061 2676 2141 2727 vis
2176 2675 2231 2727 iu
2264 2676 2385 2728 sola
2418 2675 2622 2741 'syllabi

345 2773 528 2827 ultima
560 2775 636 2827 ita
670 2777 978 2842 requiescit,
1014 2782 1075 2829 ut
1107 2776 1294 2853 breves
1329 2775 1488 2842 duas,
1534 2790 1667 2843 quae
1702 2774 2047 2845 praecedunt,
2083 2788 2191 2825 non
2225 2779 2414 2839 tangat
2446 2772 2500 2842 ¹)
2517 2812 2534 2838 ‚
2564 2780 2622 2825 tt

351 2901 455 3041 (ἑξ
495 2954 514 3004 :
555 2901 744 3041 ὥς
786 2938 1036 3009 justoque
1085 2940 1384 3010 diligentius
1433 2941 1656 2995 seriores
1690 2943 1910 2997 similem
1943 2955 2129 2995 sonum
2165 2940 2218 2992 in
2258 2942 2617 2990 consonantem

231 3142 246 3155 -
348 3065 405 3161 e‘t
451 3061 682 3161 vocalem
727 3109 1044 3177 penultimae
1077 3109 1161 3162 vel
1197 3108 1631 3179 antepenultimae
1681 3106 1815 3161 adeo
1862 3105 2206 3169 transferunt,
2254 3102 2401 3171 quod
2432 3101 2617 3153 facilius

353 3279 529 3328 tamen
564 3273 730 3327 fertur
760 3276 808 3327 si
851 3276 1063 3329 ultimae
1100 3291 1388 3329 consonans
1423 3283 1580 3330 tenne
1618 3294 1649 3333 s
1689 3281 1770 3329 est
1788 3315 1806 3341 ‚
1864 3280 1925 3326 ut
1958 3234 2114 3356 [Aa]
2145 3285 2164 3333 :
2199 3262 2389 3351 ωδ,-

213 3483 325 3533 310
492 3461 556 3529 2)
596 3504 609 3517 .
632 3504 647 3518 .
669 3490 772 3518 .-
794 3484 950 3520 v-.
1019 3464 1094 3519 Et
1131 3463 1230 3519 hoc
1266 3481 1432 3534 genus
1466 3463 1763 3533 rhythmum
1800 3465 1838 3518 f.
1874 3466 1928 3518 in
1964 3464 2142 3517 ultima
2178 3462 2293 3515 sola
2330 3460 2617 3513 matiam

351 3564 560 3628 potest,
610 3564 751 3630 quod
783 3567 838 3625 in
871 3581 1026 3618 versu
1060 3566 1226 3618 minus
1261 3566 1427 3635 ponto
1464 3581 1496 3618 e
1531 3581 1675 3618 more
1712 3567 1787 3617 fit.
1873 3563 1979 3616 Sed
2018 3564 2072 3615 in
2107 3561 2356 3615 ornatiori
2392 3573 2540 3612 vern
2571 3555 2617 3608 ei

349 3658 404 3710 in
439 3665 854 3728 antepenultima.
890 3666 1042 3717 simili
1077 3680 1207 3716 sono
1242 3666 1471 3718 suaviter
1508 3664 1860 3733 praeluditur,
1911 3677 2030 3714 cnm
2066 3663 2121 3712 in
2173 3661 2332 3725 longa
2382 3656 2473 3709 bac
2514 3654 2617 3720 syl-

262 3808 272 3821 ,
349 3754 467 3808 labi
516 3772 621 3810 vox
670 3762 917 3814 consistat
965 3746 1107 3830 prius
1159 3778 1320 3830 seque
1376 3764 1442 3815 ad
1487 3764 1642 3815 tinem
1693 3776 1872 3814 versus
1920 3760 2148 3813 breviter
2182 3753 2617 3824 complectendu-

350 3855 578 3923 colligat.
617 3860 824 3914 Sufficit
847 3868 1016 3915 tamen
1031 3878 1243 3931 prorsus
1267 3862 1450 3915 exitus
1476 3863 1927 3931 antepenultimam
1955 3857 2620 3922 suavissimumque-emper

474 4119 536 4185 1)
573 4118 710 4173 Nam
760 4122 902 4188 quod
946 4124 1150 4178 metrici
1189 4124 1386 4178 Arabes
1427 4128 1610 4192 putant
1645 4123 1699 4175 in
1734 4121 1919 4190 quarta
1952 4136 1987 4173 a
2016 4121 2121 4172 flue
2154 4116 2359 4183 syllabi
2392 4110 2430 4165 Δ
2460 4110 2619 4166 coati-

578 4192 724 4243 nuari
760 4209 915 4260 posse
949 4196 1026 4262 (S.
1057 4200 1183 4248 808.
1219 4196 1356 4262 810)
1372 4233 1390 4259 ‚
1446 4192 1686 4261 equidem
1723 4193 1951 4247 nondum
1987 4191 2263 4260 probatum
2300 4185 2483 4239 inveni.
