2675 4692
496 936 1849 1049 PRoLEGoMENA.

203 1365 593 1514 Arabum
649 1442 869 1531 lingua
921 1446 1343 1513 semiticarum
1388 1443 1667 1509 omnium
1709 1451 1776 1507 et
1819 1439 2115 1509 latissime
2157 1460 2304 1527 pro·
2343 1464 2373 1511 1

67 1538 289 1654 pagat'a
345 1573 439 1632 et·
473 1561 815 1630 cultissima
875 1576 972 1633 est
1027 1564 1285 1652 suisque
1343 1563 1673 1630 virtutibus
1714 1552 1987 1628 maxime
2027 1562 2307 1650 insignis.
2353 1628 2370 1644 ,

68 1678 222 1744 Nam
276 1679 401 1744 sive
454 1675 971 1765 pronuntiationis
1013 1676 1354 1765 puritatem
1399 1687 1464 1744 et·
1505 1676 1946 1755 subtilitatem,
2004 1674 2135 1741 sive
2172 1676 2307 1741 sor-

68 1812 295 1855 marum
334 1791 669 1877 ingentem
705 1790 1063 1857 ubertatem
1106 1801 1170 1857 et
1212 1787 1465 1877 copiam
1507 1790 1673 1855 bene
1715 1788 2109 1871 distinctam,
2180 1791 2310 1857 sive

68 1905 380 1991 juncturae
440 1926 666 1970 vocum
711 1903 1194 1970 concinnitatem
1235 1901 1636 1990 perspicuam
1684 1911 1750 1970 et
1791 1901 2118 1990 pulchram
2162 1926 2308 1991 spe-

77 2028 219 2083 ctos:
290 2015 457 2081 nulla
505 2039 582 2082 ex
626 2016 853 2082 ceteris
897 2015 1215 2081 arabicam
1260 2013 1600 2081 dialectum
1643 2026 1891 2102 aequat.
2008 2016 2314 2105 'Palisque
2391 2078 2398 2083 .

74 2151 137 2193 ex
160 2130 405 2217 origine
444 2129 666 2216 lingua
704 2128 948 2213 ingenti
981 2139 1307 2196 auctorum
1354 2138 1420 2193 et
1460 2127 1837 2214 scriptorum
1882 2127 2080 2193 omnis
2111 2150 2313 2216 gene—

20 2288 21 2291 ,
70 2242 421 2307 risuumero
446 2244 617 2309 culta
634 2250 702 2306 et
721 2240 1000 2306 exercita
1015 2251 1131 2320 est,
1152 2252 1223 2308 ut
1235 2263 1351 2330 per
1367 2240 1532 2305 mille
1575 2240 1712 2305 fere
1754 2261 1950 2305 annos
1974 2241 2309 2328 puritatem

70 2376 229 2420 suam
271 2367 338 2423 et
381 2354 659 2421 indolem
686 2351 1074 2440 peculiarem
1101 2354 1418 2442 integram
1442 2353 1506 2417 in
1539 2353 1787 2441 scriptis
1820 2355 2222 2421 conservarit.

217 2465 355 2532 Sed
413 2467 579 2533 haec
644 2476 779 2567 tarn
831 2467 1158 2555 praeclara
1211 2466 1431 2554 lingua
1478 2466 1559 2531 ab
1604 2488 1683 2531 eo
1728 2465 1982 2532 demum
2022 2478 2311 2555 tempore
2345 2494 2381 2541 2

20 2566 23 2633 !
20 2590 228 2674 extra
267 2582 551 2668 patriae,
594 2580 660 2645 in
703 2603 830 2668 qua
872 2581 1273 2662 effloruerat,
1328 2580 1488 2647 fines
1531 2591 1894 2669 propagata
1934 2579 2310 2668 scriptisque

20 2691 329 2777 plurimis
374 2692 697 2760 nobilitata
745 2703 877 2773 est,
932 2716 1059 2781 quo
1102 2692 1513 2759 Muhammad
1555 2695 1735 2782 genti
1776 2714 1932 2758 suae
1971 2691 2312 2760 indomitae

20 2864 23 2897 f
66 2816 118 2870 et
168 2805 544 2871 inaccessae
600 2818 736 2872 tum
793 2806 1030 2873 cultum
1091 2805 1195 2872 dei
1254 2807 1563 2873 veriorem
1604 2818 1738 2874 tum
1779 2804 2068 2883 ‚vincendi
2108 2818 2310 2872 terra-

20 2910 23 2987 l
66 2937 197 2994 rum⁴
241 2918 469 2981 orbem
526 2939 810 3007 suaeque
852 2919 1143 3007 religioni
1198 2919 1573 2985 conciliandi
1637 2917 1933 2984 ardorem
1989 2919 2311 3007 inspiravit

20 2992 23 3069 l
63 3028 464 3095 indelebilem.
549 3029 720 3095 Nam
765 3054 1123 3120 quanquam
1166 3034 1409 3099 Arabes
1437 3033 1574 3122 jam
1618 3044 1766 3099 ante
1796 3033 2313 3099 Muhammadum

67 3144 342 3209 scribere
388 3143 678 3235 potuisse
718 3143 867 3209 nihil
911 3156 1008 3212 est
1051 3144 1225 3235 quod
1267 3144 1623 3212 dubitemus
1667 3144 1769 3233 ¹),
1821 3157 2031 3212 tamen
2072 3148 2314 3214 Arabes
2363 3201 2371 3209 .

65 3257 103 3319 si
140 3281 309 3346 quae
352 3258 745 3336 scriberent,
820 3268 892 3325 ut·
935 3256 1230 3339 foedera,
1291 3269 1685 3339 contractus,
1746 3281 1961 3327 versus
2004 3259 2314 3349 quosdam

65 3381 119 3435 et
150 3384 456 3458 poemata
504 3371 780 3449 minora,
823 3369 938 3434 sibi
982 3369 1128 3436 solis
1162 3371 1520 3438 scribebant
1551 3370 1828 3459 satisque
1861 3393 2026 3438 raro.
2083 3371 2316 3459 Neque

62 3482 113 3546 in
120 3496 351 3571 gente
391 3484 517 3551 hac
561 3483 815 3569 &crta
860 3483 1107 3552 colente
1151 3484 1532 3572 antiquitatis
1568 3482 1820 3572 aliquod
1840 3499 2316 3552 mouumentum

66 3597 345 3664 omnibus
409 3620 662 3663 sacrum
721 3597 959 3685 scripto
998 3611 1320 3666 servatum
1368 3609 1505 3666 erat
1544 3598 2057 3685 lectitatumque,
2113 3599 2200 3665 ita
2245 3608 2317 3664 ut

66 3728 129 3771 ex
180 3711 585 3798 temporibus
652 3719 798 3775 ante
863 3709 1382 3777 Muhammadum
1435 3711 1771 3779 transactis
1824 3733 2032 3799 pauca
2070 3722 2317 3779 tantum

66 3821 285 3909 scripta
348 3844 561 3910 neque
618 3819 961 3889 admodum
1018 3823 1271 3913 antiqua
1326 3839 1574 3894 servata
1634 3827 1814 3894 sint·
1877 3823 2061 3897 Quae
2103 3836 2316 3888 autem

68 3946 316 4014 praeter
364 3936 646 4003 Arabum
686 3935 919 4024 scripta
954 3917 1332 4024 paucissima
1384 3950 1631 4007 exstant
1670 3936 2132 4023 antiquissimae
2175 3957 2316 4000 ara-

68 4041 229 4110 bicae
273 4046 536 4114 dialecti
594 4048 864 4135 vestigia
901 4048 1011 4134 ²),
1068 4073 1147 4116 ea
1188 4075 1547 4141 quanquam
1590 4052 1814 4120 decem
1856 4026 1992 4138 jam
2036 4061 2103 4116 et
2142 4046 2316 4136 quod

122 4256 179 4321 l)
210 4274 263 4310 v.
302 4258 662 4312 testimonium
695 4259 1005 4312 luculentum
1040 4262 1090 4314 in
1125 4263 1312 4348 Har-eti
1349 4265 1525 4317 Moall.
1563 4284 1611 4319 v.
1634 4273 1719 4322 67.

122 4378 181 4446 2)
214 4390 271 4435 vt
311 4385 452 4436 Gen.
475 4387 569 4450 lo,
584 4387 654 4437 26
691 4350 975 4472 ἾᾜὉιὲθὲ
996 4404 1127 4441 -cum
1162 4370 1378 4442 articulo
1412 4390 1632 4443 arabico.
1720 4468 1755 4532 l
