2675 4692
246 955 311 1003 71

252 1738 324 1786 72

345 305 447 373 40
1200 292 1317 365 De
1380 294 1766 367 vocalibus.

353 475 606 563 haeque
660 484 887 544 contm
944 478 1010 544 in
1063 477 1312 546 vocales
1355 500 1505 546 suas
1549 477 1578 541 ἰ
1621 486 1689 544 et
1725 456 1775 540 kt
1815 473 2062 565 possint
2097 474 2337 544 resolvi.
2441 477 2528 544 At
2564 500 2636 567 g

351 611 515 686 non*
540 589 740 659 babet
794 590 899 656 cui
951 591 1345 679 respondeat
1397 588 1856 681 semivocalem.
1964 588 2160 665 Quod
2214 600 2477 679 praeter
2515 589 2623 655 alia

354 703 420 768 in
476 704 861 794 scripturam
920 727 1180 795 quoque
1236 714 1546 795 quantum
1604 703 1870 771 valuerit
1911 726 1993 773 ex
2034 700 2100 796 §.
2133 706 2222 772 75
2242 705 2392 770 -77,
2439 724 2622 792 appa-

356 814 540 885 rebit.

533 937 866 1006 Vocalium
930 947 1145 1005 autem
1209 936 1401 1006 trium
1463 933 1774 1007 brevium
1825 935 1895 1002 id
1956 945 2058 1005 est
2099 935 2442 1006 discrimen
2481 945 2624 1002 uta

365 1049 603 1118 vocalis
646 1051 728 1119 sit
762 1050 1046 1118 omnium
1088 1051 1382 1140 proxima
1422 1059 1488 1117 et
1528 1048 1899 1131 fortissima,
1943 1051 2123 1142 cujus
2165 1074 2360 1119 sonus
2388 1050 2627 1118 omnino

362 1187 482 1255 per
521 1176 726 1234 totam
764 1164 1051 1254 linguam
1092 1176 1231 1233 tum
1273 1164 1357 1230 ab
1399 1161 1651 1249 origine
1690 1163 2040 1251 praevaluit
2080 1175 2216 1233 tum
2253 1166 2318 1232 in
2364 1163 2625 1240 arabica,

362 1278 566 1367 qualis
619 1302 791 1346 nunc
849 1290 946 1348 oet
961 1329 980 1360 ,
1051 1276 1276 1364 lingua
1332 1273 1707 1344 dominatur.
1823 1279 1970 1354 Qua
2024 1277 2279 1370 quidem
2320 1280 2410 1345 ab
2453 1277 2626 1345 alter-«i

363 1404 551 1480 parte
593 1394 623 1458 i
665 1405 764 1462 est
803 1392 1091 1461 subtilior
1130 1388 1572 1478 pressiorque,
1632 1389 1807 1458 unde
1846 1415 1924 1459 ea
1963 1393 2370 1460 brevissimae
2413 1390 2624 1459 vocalis

368 1507 491 1573 vim
536 1516 713 1574 tenet
768 1509 1216 1596 praecipuam3
1278 1505 1361 1572 ab
1405 1504 1600 1571 altera
1652 1525 1735 1582 ιι,
1789 1525 1827 1565 ο
1873 1505 2203 1574 obscurior
2249 1506 2624 1595 pleniorque,

367 1620 549 1710 cujus
589 1620 653 1687 in
690 1644 917 1688 sonum
960 1644 1008 1685 a
1049 1617 1434 1709 quibusdam
1473 1617 1539 1682 in
1576 1615 1793 1684 formis
1829 1628 2009 1685 certa
2052 1641 2131 1686 ex
2182 1618 2333 1706 lege
2392 1619 2556 1685 abiit.

534 1735 708 1803 Istae
763 1758 914 1802 vero
974 1733 1263 1815 vocales,
1326 1728 1397 1798 ⁴si
1451 1753 1673 1797 omnes
1726 1742 2205 1820 computamus,
2267 1745 2424 1799 octo
2476 1730 2622 1820 (tm

367 1848 628 1929 breves,
692 1860 824 1916 tres
879 1849 1150 1937 longae,
1210 1846 1384 1915 duae
1437 1843 1856 1934 diphthongi)
1911 1845 2095 1912 variis
2154 1846 2398 1914 vicibus
2443 1857 2622 1912 muta·

366 1961 768 2050 tionibusque
836 1975 906 2032 ut
970 1961 1259 2030 omnibus
1312 1959 1380 2026 in
1431 1958 1664 2046 linguis
1719 1959 1806 2026 ita
1858 1959 1924 2026 in
1976 1959 2262 2027 semitica
2315 1970 2471 2028 sunt
2528 1958 2624 2023 ob-

366 2075 613 2142 noxiae.
723 2075 1012 2150 Quarum
1066 2072 1324 2165 quidem
1382 2084 1600 2139 certae
1649 2083 1797 2141 sunt
1844 2072 2025 2163 leges
2069 2094 2393 2154 summae,
2477 2072 2624 2138 vario

368 2187 563 2254 modo
624 2190 690 2254 in
729 2190 946 2277 quavis
994 2189 1214 2277 lingua
1265 2183 1778 2274 cognoscendae.
1885 2186 2052 2254 Sunt
2099 2194 2311 2251 autem
2352 2184 2623 2251 brevibus

369 2299 526 2368 bae:
572 2302 650 2389 1)
693 2303 946 2371 labente
982 2301 1203 2390 lingua
1238 2300 1493 2368 vocales
1539 2299 1889 2388 primitivae
1926 2299 2353 2387 fortioresque
2397 2300 2463 2366 in
2491 2296 2622 2365 moli

368 2413 560 2483 liores
616 2416 1010 2501 levioresque
1057 2414 1330 2483 detritae
1373 2415 1645 2496 abeunt3
1702 2412 1878 2499 quod
1919 2415 2094 2480 vario
2113 2458 2117 2464 ι
2134 2414 2420 2481 cernitur
2455 2409 2623 2480 modo

371 2527 752 2617 graduque,
808 2528 1112 2616 imprimis
1154 2537 1371 2594 tamen
1413 2538 1857 2616 perpetuoque
1895 2528 2103 2616 magis
2146 2529 2266 2611 ita,
2325 2541 2405 2597 ut
2439 2552 2472 2601 a
2508 2528 2567 2592 in
2602 2542 2626 2593 ε

371 2653 690 2724 transeat,
751 2641 1199 2730 paullatimque
1246 2642 1287 2706 a
1335 2639 1523 2706 etiam
1573 2640 1637 2706 in
1681 2644 1754 2724 ἐς
1796 2660 1826 2712 1
1867 2651 1934 2710 et
1973 2660 2012 2707 u
2047 2641 2113 2708 in
2155 2663 2185 2712 ὅ
2227 2654 2294 2711 et
2333 2657 2418 2725 ὅς
2469 2639 2625 2729 diph-

230 2782 249 2797 .
372 2756 600 2844 thongi
640 2766 855 2824 autem
899 2756 965 2823 in
1008 2778 1199 2822 sonos
1242 2754 1473 2843 longos
1511 2755 1921 2843 simpliciores
1966 2754 2296 2836 diffluant,
2341 2757 2425 2821 ai
2455 2756 2514 2821 in
2538 2773 2624 2817 ae,

244 2920 247 2923 -
371 2893 469 2935 aa
496 2868 560 2934 in
609 2867 650 2933 ὁ
701 2869 791 2956 ¹).
889 2866 971 2956 2)
1016 2869 1229 2936 Sonus
1283 2891 1323 2935 a
1371 2868 1555 2935 altior
1602 2866 2067 2953 dilucidiorque
2109 2868 2173 2934 in
2214 2869 2626 2937 obscuriorem

372 3006 413 3049 o
460 2983 625 3063 abit,
690 3004 1055 3075 quanquam
1113 2982 1214 3064 id,
1282 3005 1429 3049 cum
1489 3004 1681 3048 sonus
1738 3004 1864 3048 non
1904 2992 2034 3050 tam
2077 2980 2411 3050 deteratur
2451 2981 2624 3069 dege-

371 3110 726 3186 neretque,
797 3120 990 3187 quam
1044 3099 1322 3165 varietur
1385 3120 1543 3164 sono
1601 3096 1860 3185 paulum
1911 3094 2210 3177 molliori,
2273 3120 2316 3163 e
2358 3097 2628 3164 dialecto·

368 3231 515 3276 rum
558 3211 864 3278 varietate
901 3213 1109 3299 magis
1138 3210 1453 3299 pendeat,
1498 3222 1570 3278 ut
1611 3211 1664 3277 si
1707 3232 1873 3298 quae
1918 3207 2225 3278 dialectus
2269 3235 2420 3280 cum
2458 3218 2626 3299 gente

371 3323 512 3415 ipsa
555 3324 745 3412 paulo
788 3324 872 3393 sit
912 3325 1199 3412 asperior
1243 3322 1625 3411 fortiorque,
1691 3345 1918 3389 sonum
1962 3322 2008 3387 ά
2051 3346 2179 3390 non
2228 3326 2501 3394 retinere
2538 3346 2620 3388 so·

370 3439 501 3505 lum
543 3436 777 3526 ubique
818 3435 937 3504 sed
979 3438 1205 3518 etiam,
1247 3438 1360 3504 ubi
1402 3450 1659 3504 ceterae
1703 3458 1782 3501 ex
1826 3434 2077 3524 origine
2118 3438 2284 3506 bene
2317 3444 2358 3508 ὃ
2398 3440 2625 3513 habent,

372 3551 523 3617 huic
564 3554 604 3616 a
646 3549 1031 3619 substituere
1073 3559 1282 3636 queat.

374 3761 381 3767 ·
482 3739 544 3806 1)
584 3735 770 3789 Latim
803 3740 1044 3802 serpente
1079 3732 1443 3802 depravatione
1481 3739 1697 3803 quodvis
1731 3757 1792 3805 e,
1844 3746 1954 3793 tum
1987 3742 2145 3795 breve
2178 3747 2288 3795 tum
2324 3744 2553 3808 longum,
2581 3733 2622 3784 in

589 3826 612 3877 ἰ
669 3826 880 3944 duonum
930 3823 1164 3877 diffluere
1209 3831 1414 3894 potest,
1482 3834 1543 3880 ut
1595 3827 1825 3882 minaret
1860 3831 1914 3884 in
1948 3831 2200 3885 viatorum
2238 3838 2520 3885 nostrorum
2550 3834 2626 3875 ⁰¹0

588 3979 684 4034 pro
721 3925 893 4048 {lg
909 4008 928 4028 .
982 3964 1233 4018 Lectores
1269 3965 1477 4031 quidam
1490 3965 1678 4020 Catani
1690 3984 1787 4038 pro
1823 3969 1857 4022 a
1891 3969 1945 4022 ia
1983 3968 2197 4023 vocibus
2229 3964 2524 4035 quibusdan
2561 3957 2623 4010 ίαν

595 4139 692 4177 ae,
745 4139 774 4174 ο
809 4124 916 4192 legi
945 4122 1163 4190 jubent,
1210 4123 1349 4191 quod
1377 4066 1571 4212 {3ssss
1613 4130 1853 4189 vocatur,
1907 4116 2086 4212 'ndu
2123 4141 2286 4189 noer,
2345 4120 2409 4176 cf.
2445 4116 2554 4173 Not.
2579 4116 2623 4163 et

590 4212 742 4266 Extr-
780 4212 848 4267 Τ.
872 4218 925 4268 9.
958 4234 1015 4285 p.
1051 4220 1135 4269 18.
1175 4220 1258 4269 19.
1294 4220 1384 4269 55.
1418 4219 1507 4268 87.
1596 4216 1660 4270 Id
1704 4218 1758 4269 in
1799 4220 2065 4286 particulis
2097 4216 2399 4286 praesertim
2427 4205 2623 4265 invaluit,

591 4320 623 4363 Q
660 4304 892 4373 plurimis
918 4308 1294 4376 vituperatum,
1343 4322 1391 4359 v.
1429 4305 1607 4359 Harii-i
1652 4306 1706 4360 in
1751 4307 1910 4375 Sacyi
1945 4307 2083 4362 anth.
2120 4325 2172 4378 p.
2199 4317 2322 4375 ον.
