2675 4692
509 206 626 279 De
687 204 1307 279 enunciationibus
1359 203 1801 303 copulativis.
2132 207 2284 299 269
2329 291 2342 302 ,

187 407 412 439 ,ao-0
530 407 560 438 2
606 407 639 439 o
665 422 689 436 ο
757 386 836 439 ’.Ξ

1 478 89 533 tc.
171 455 432 553 geu-²5·
474 450 696 567 udis*
763 451 829 520 35
898 488 1123 532 nonne
1191 460 1579 531 considebis
1644 474 1716 529 et
1777 473 1929 530 tum
1990 465 2288 531 audies!

0 676 5 689 .
60 649 129 713 q.
197 621 567 692 considens
624 621 864 691 audies.
988 619 1373 712 Respondet
1428 643 1692 712 prorsus
1756 621 2106 689 hebraeum
2145 622 2287 690 Vav

0 735 159 825 [uod
208 735 470 805 dicitur
510 736 985 819 conversivam,
1027 735 1145 802 nisi
1189 734 1365 826 quod
1408 754 1465 818 ,j
1500 734 1695 826 paulo
1735 734 1943 803 minus
1988 734 2287 825 frequen-

0 864 150 918 atur
193 875 340 919 nec
390 851 506 918 nisi
547 850 659 918 ubi
703 872 869 916 nova
914 859 982 917 et
1020 860 1210 916 acuta
1245 849 1565 916 actionum
1595 848 1964 917 consecutio
1992 847 2288 937 urgenda

0 1004 96 1074 zet,
140 1016 276 1083 pro
325 992 619 1083 simplice
652 1019 687 1068 2
730 990 1006 1081 ponitur.
1119 989 1315 1059 Ratio
1361 1002 1610 1073 autem,
1671 992 1798 1079 qua
1836 990 1965 1057 hoc
2008 980 2065 1045 ὦ
2096 989 2290 1080 jungi

0 1107 226 1189 mssit,
302 1106 382 1174 in
431 1104 702 1196 ‘singulis
757 1101 1102 1172 admodum
1161 1105 1379 1172 variat.
1494 1106 1725 1173 Potest
1771 1104 2287 1193 consequentiam

1 1230 66 1285 ta
110 1232 408 1303 notare,
451 1232 526 1289 ut
574 1220 846 1306 nacbato
885 1217 1180 1309 junctum
1222 1217 1407 1285 simul
1436 1218 1778 1285 consilium
1820 1228 1998 1285 notet
2038 1214 2102 1307 §.
2137 1218 2286 1285 628.

0 1330 136 1398 Aliis
187 1331 371 1399 locis
436 1332 958 1421 consequentiam
1015 1343 1196 1400 notat
1253 1356 1381 1400 non
1441 1345 1573 1402 tam
1619 1356 1659 1400 e
1700 1331 2002 1421 temporis
2045 1331 2289 1398 ratione

0 1467 180 1532 luam
257 1468 304 1513 Θ
376 1448 607 1515 mentis
669 1458 928 1514 nostrae
986 1467 1026 1512 Θ
1082 1447 1397 1534 prioribus
1453 1446 1539 1514 ad
1581 1469 1814 1513 novum
1866 1444 2047 1511 Slmul
2091 1465 2290 1532 argu-

1607 1593 1631 1606 -
1702 1562 1781 1610 03
1847 1561 2077 1607 oss-3
2140 1572 2173 1606 ς
2233 1560 2292 1605 ³2

0 1643 287 1701 mentum
372 1636 792 1705 transeuntis·
825 1656 1016 1703 sensu
1042 1681 1063 1713 ‚
1160 1652 1233 1710 ut
1288 1614 1430 1735 5-ss
1481 1621 1751 1713 „ist-»0
1713 1620 1774 1685 ’ἶ
1836 1616 2064 1730 ,us->⁵³4
2121 1619 2292 1698 υςῐ

0 1777 23 1807 ³
71 1779 163 1811 „o
210 1794 238 1809 a
679 1770 711 1816 ἓ

1 1814 285 1930 ‘³⁵⁹1ss
350 1825 491 1893 [ΑΜ
552 1831 704 1943 fag—3⁸
757 1841 1043 1931 cupitae
1085 1840 1239 1930 quis
1281 1851 1589 1907 vestrum
1629 1837 1828 1905 edere
1875 1860 2155 1905 carnem
2199 1836 2293 1925 (i.

5 2015 57 2059 e.
103 1995 528 2085 calumniari)
583 1998 848 2085 fratris
904 2001 1020 2066 sui
1059 2000 1361 2080 mortui,
1420 1998 1529 2064 ita
1569 2009 1652 2064 ut
1698 1996 1778 2062 id
1818 1996 2061 2063 nolitis
2103 1997 2297 2086 (con-

12 2117 106 2172 tra
163 2109 238 2175 id
282 2109 489 2199 {qnod
532 2137 644 2179 vos
690 2113 910 2199 vultis)
967 2115 1116 2180 Sur.
1144 2113 1250 2194 49,
1297 2115 1417 2197 123
1474 2122 1670 2201 atque
1714 2110 1865 2177 hinc
1900 2110 1966 2197 1)
2009 2132 2296 2177 nonnun-

14 2241 201 2306 quam
244 2236 542 2292 nostrum
583 2249 786 2301 nam,
847 2227 1104 2292 etenim
1147 2237 1374 2323 notare
1415 2223 1664 2313 videtur
1707 2224 1822 2312 (ut
1867 2224 2017 2292 Sac.
2060 2224 2195 2292 chr.
2236 2228 2294 2292 1.

3 2355 77 2427 J).
107 2336 264 2418 171,
311 2336 476 2426 11),
531 2361 929 2428 quanquam,
997 2350 1069 2407 ut
1119 2336 1248 2406 lioc
1303 2338 1599 2408 disertius
1643 2348 1711 2407 et
1752 2337 1978 2407 fortius
2023 2338 2293 2422 dicatur,

280 2464 313 2476 .-

278 2480 389 2497 *ο

29 2523 233 2608 potius
278 2507 387 2659 025
430 2523 804 2608 adhibetur,
874 2547 1021 2593 cum
1081 2512 1164 2606 ὠ
1210 2525 1436 2594 fortius
1481 2524 1759 2593 animum
1817 2525 1902 2594 ad
1957 2526 2102 2594 novi
2145 2525 2299 2616 quid

30 2729 419 2799 cernendum
452 2740 797 2797 convertat.
844 2728 919 2794 In
949 2727 1210 2816 singulis
1244 2727 1525 2797 notanda
1557 2738 1656 2797 est
1673 2726 1908 2799 locutio
1939 2708 2140 2790 nav-*1³
2170 2758 2304 2824 seq.

32 2861 92 2891 υ
125 2855 192 2908 et
239 2844 336 2932 (i.
370 2867 429 2911 e.
475 2866 622 2910 cum
663 2841 731 2908 id
771 2843 863 2911 ita
904 2842 1023 2926 sit)
1066 2843 1394 2931 quomodo
1437 2843 1590 2923 erit,
1650 2843 1765 2910 fiet
1805 2867 1961 2911 cum
2000 2845 2182 2914 Ῐιοο
2162 2870 2202 2914 1.
2239 2873 2304 2936 q.

33 2967 283 3038 quanto
328 2957 602 3035 minus,
675 2954 931 3021 nedum
970 2955 1040 3040 2)
1082 2955 1248 3021 Tab.
1291 2978 1355 3043 p.
1375 2956 1539 3037 224,
1582 2958 1643 3023 8.
1684 2957 1849 3040 236,
1880 2961 1982 3028 16.
2024 2960 2121 3026 vel
2156 2976 2305 3052 post

40 3085 204 3132 mere
231 3068 677 3136 affirmativum
693 3079 954 3156 quanto
975 3069 1229 3156 magis,
1260 3082 1334 3135 ut
1356 3092 1548 3158 supra
1585 3093 1646 3158 p.
1664 3070 1912 3136 264.—
1952 3071 2032 3159 2)
2049 3072 2304 3140 Deinde

41 3198 175 3245 cum
203 3181 728 3271 consequentiam
757 3203 977 3249 sensus
995 3180 1106 3267 (ut
1119 3203 1320 3267 germ.
1338 3182 1449 3267 so)
1467 3193 1689 3249 notare
1701 3183 1922 3271 possit,
1953 3204 2009 3266 k‚3
2035 3188 2303 3254 orationi

46 3289 329 3383 inceptae
389 3295 665 3363 necdum
726 3295 1053 3385 perfectae
1110 3294 1532 3361 resumendae
1586 3296 1874 3377 inservit,
1936 3298 2303 3390 ubicunque

51 3423 202 3471 novo
259 3409 507 3499 impetu
563 3408 758 3476 ordiri
815 3406 1041 3497 piacet.
1139 3409 1292 3474 Hoc
1347 3431 1536 3497 quam
1600 3409 1840 3477 varium
1900 3434 2042 3479 esse
2083 3416 2302 3502 possit,

59 3514 227 3586 facile
280 3539 585 3614 apparet,
646 3522 910 3591 multum
954 3520 1119 3589 enim
1168 3521 1234 3587 in
1277 3520 1375 3588 his
1420 3543 1498 3588 ex
1544 3520 1762 3590 colore
1804 3526 2103 3594 orationis
2145 3551 2303 3617 pen-

59 3625 188 3715 (ἱεῖς
244 3660 506 3729 semper.
556 3648 766 3705 tamen
826 3635 1031 3703 oratio
1096 3634 1192 3702 sic
1231 3633 1617 3702 resumenda
1656 3647 1787 3719 est,
1836 3638 1944 3704 ubi
1985 3638 2305 3730 imperati-

60 3762 191 3812 vum
243 3750 341 3817 vel
397 3751 582 3817 aliam
626 3749 969 3817 dictionem
1023 3746 1499 3836 emphaticam,
1531 3772 1696 3837 quae
1738 3773 1866 3818 non
1906 3753 2025 3820 nisi
2069 3757 2305 3824 recenti

173 4024 230 4088 l)
269 4029 340 4081 Ut
375 4048 535 4099 germ.
577 4030 710 4082 deun
748 4027 990 4082 cohaeret
1023 4044 1142 4082 cum
1175 4027 1340 4080 dann-

175 4152 236 4216 2)
270 4157 334 4209 cf
371 4161 672 4212 sanseritum
711 4156 899 4221 kata-³,
954 4156 1088 4208 kuta
1137 4174 1165 4206 e
1171 4173 1238 4207 να
1285 4155 1469 4209 eodem
1506 4172 1657 4209 sensu
1697 4157 1918 4225 dictum,
1967 4166 2173 4232 proprie
2209 4182 2303 4217 no-

277 4250 386 4297 tans
427 4248 565 4297 unde
580 4246 610 4296 ?
663 4254 717 4299 et
753 4248 821 4297 kin
784 4266 854 4297 tm
889 4267 959 4298 nu
1001 4264 1075 4316 pr.
1116 4244 1272 4316 qm'e
1276 4263 1371 4313 rgo
1392 4243 1690 4311 ⁹fflmgar.
1729 4249 1796 4303 G.
1838 4259 1889 4319 1,
1917 4257 2005 4309 36,
