2675 4692
2291 310 2340 331 Q

310 310 359 386 6
1171 311 1710 407 Prolegomena.

310 487 581 555 Arabiae
618 490 1043 577 penetralibus
1084 493 1259 562 baud
1282 495 1514 563 multus
1537 493 1702 560 vitae
1725 490 1911 579 vigor
1931 491 2351 583 fortunaeque
2378 494 2594 562 saror.

309 599 401 667 Et
458 601 703 669 Korani
761 606 1162 696 yeneratione
1229 607 1670 696 superstitiosa
1750 606 1997 675 cultura
2061 605 2321 695 linguae
2402 608 2598 675 baud

310 727 566 805 poterat
606 717 872 807 amplius
897 717 1131 806 juvari
1219 721 1399 787 Hinc
1434 744 1476 787 a
1515 732 1744 810 quarto
1802 720 1940 788 sere
1991 717 2142 786 inde
2195 721 2414 788 seculo
2463 721 2598 787 liu-

311 848 449 914 gua
512 828 641 896 labi
710 841 778 897 et
854 829 1253 917 degenerare
1328 834 1542 923 coepit
1608 846 1742 902 tum
1812 834 1879 899 in
1936 833 2078 922 ipsa
2148 835 2382 900 Arabia
2440 847 2599 903 tum

249 968 269 989 τ
312 942 658 1031 praecipue
718 943 784 1008 in
837 943 1020 1009 terris
1073 945 1430 1033 peregrinis
1513 958 1580 1014 et
1650 947 1916 1014 urbibus
1983 946 2178 1023 mixta
2251 947 2602 1015 hominum

209 2466 363 2535 110,

246 3126 253 3135 '
323 3121 733 3189 mutationem
821 3117 1127 3207 plurimae
1222 3116 1483 3205 linguae
1570 3128 1872 3206 expertae
1941 3126 2089 3183 sunt
2169 3117 2252 3182 ab
2326 3118 2610 3187 arabica

314 1054 500 1142 copia
553 1054 945 1139 inhabitatis;
1016 1079 1163 1123 nam
1205 1059 1380 1148 apud
1429 1062 1673 1128 Arabes
1717 1070 2107 1149 campestres
2163 1060 2366 1129 minus
2431 1085 2602 1129 cum

313 1168 669 1255 peregrinis
711 1167 941 1237 mixtos
983 1169 1205 1258 lingua
1244 1170 1523 1239 indolem
1561 1195 1742 1239 suam
1784 1172 2105 1261 antiquam
2143 1171 2390 1241 fidelius
2445 1197 2602 1241 ser-

314 1280 492 1347 vavit.
596 1281 686 1347 Et
744 1280 1161 1371 praecipuum
1215 1282 1472 1371 quidem
1535 1284 1711 1374 quod
1749 1284 1902 1351 inde
1943 1284 2128 1353 fluxit
2159 1285 2428 1373 linguae
2466 1287 2602 1354 de-

313 1393 676 1461 trimentum
729 1393 857 1460 hoc
907 1404 1075 1474 erat,
1130 1395 1303 1482 quod
1343 1392 1594 1466 vocales
1633 1396 1916 1487 rapidius
1933 1408 2025 1465 -et
2064 1398 2386 1465 confusius
2431 1422 2603 1488 pro-

314 1505 628 1587 nunciari,
693 1527 1043 1594 vocemque
1098 1508 1388 1576 finientes
1440 1512 1663 1579 breves
1719 1533 1982 1601 prorsus
2032 1508 2220 1597 abjici
2247 1531 2604 1598 ‘coepere3

310 1617 379 1685 id
420 1617 597 1706 quod
652 1619 869 1686 seculo
912 1621 1049 1709 jam
1100 1646 1164 1711 p.
1204 1625 1326 1691 ch.
1373 1623 1622 1690 decimo
1667 1624 1854 1692 tertio
1908 1623 1974 1690 in
2013 1620 2156 1710 ipsa
2201 1625 2440 1691 Arabia
2494 1626 2604 1692 in-

311 1733 566 1821 gruisse
629 1733 806 1801 testis
865 1744 965 1800 est
1016 1734 1492 1803 Ibn-Khaldun
1535 1735 1889 1801 verissimus
1917 1733 2007 1820 1).
2104 1734 2198 1803 Ut
2236 1735 2302 1801 in
2351 1735 2604 1826 linguis

311 1847 787 1914 romanensibus
842 1870 1073 1912 vocum
1120 1848 1660 1916 terminationibus
1705 1847 1966 1936 abjectis
2008 1850 2346 1917 verborum
2385 1851 2603 1943 junc-

314 1972 458 2027 tura
514 1956 689 2027 horis
747 1959 964 2028 formis
1016 1946 1356 2029 indicanda
1397 1969 1567 2041 erat,
1635 1952 1729 2027 sic
1768 1961 1834 2025 in
1875 1962 2204 2029 Arabismo
2249 1966 2600 2053 paullatim

316 2074 620 2142 subtiliori
658 2074 917 2162 linguae
961 2072 1203 2140 formae
1242 2073 1600 2164 labefactae
1641 2074 2174 2156 novasuccrevit.
2258 2076 2333 2142 In
2368 2077 2603 2147 multis

317 2188 535 2275 lingna
585 2187 902 2255 recentior
956 2184 1042 2252 ad
1083 2208 1162 2254 ea
1212 2186 1402 2293 rediit
1456 2206 1621 2275 quae
1662 2183 1910 2273 politior
1972 2196 2040 2253 et
2080 2187 2305 2256 cultior
2363 2202 2593 2258 muta-

318 2312 494 2369 verat
534 2297 634 2390 (g.
655 2300 755 2387 5).

488 2444 680 2510 Ilaec
740 2443 999 2531 linguae
1052 2440 1230 2508 labes
1291 2465 1438 2508 cum
1493 2441 1634 2531 ipsa
1690 2462 1906 2508 rerum
1959 2438 2358 2507 arabicarum
2399 2441 2605 2511 ruina

320 2567 755 2624 consummata
809 2555 1088 2621 cernitur
1144 2555 1239 2621 his
1295 2553 1525 2622 nostris
1567 2552 1809 2619 diebus.
1908 2552 2077 2617 Nam
2135 2552 2399 2620 multum
2446 2566 2604 2623 tum

317 2672 384 2736 in
436 2657 732 2761 Aegypto
792 2679 860 2736 et
916 2668 1104 2758 Syria
1151 2679 1288 2735 tum
1327 2667 1396 2734 in
1441 2667 1582 2754 ipsa
1621 2664 1853 2731 Arabia
1910 2688 1950 2730 a
2005 2665 2268 2753 pristina
2325 2667 2605 2735 aberra-

319 2784 406 2851 vit
454 2782 876 2850 concinnitate
949 2788 1016 2845 et
1077 2776 1326 2861 indole;
1411 2776 1663 2843 vocales
1736 2774 1950 2843 finales
2022 2778 2246 2843 breves
2319 2798 2607 2866 prorsus

321 2896 458 2962 sere
528 2895 813 2983 abjectae
870 2913 1231 2979 novaeque,
1260 2901 1443 2975 ortae
1510 2890 1915 2959 formationes
1986 2888 2239 2957 multae.
2363 2890 2604 2964 Quan-

324 3030 517 3096 quam
595 3029 803 3095 neque
884 3005 991 3072 hic
1054 3004 1383 3072 arbitrium
1460 3006 1663 3073 solum
1734 3014 1998 3092 regnat3
2091 3001 2352 3070 similem
2419 3005 2610 3073 enim

324 3256 586 3323 prorsus
641 3232 897 3298 alienae.
1002 3230 1078 3297 In
1135 3229 1415 3317 plurimis
1473 3240 1684 3295 autem
1744 3226 1828 3294 ad
1869 3228 2188 3316 antiquam
2237 3226 2427 3295 rediit
2483 3230 2608 3299 bic

323 3347 687 3413 Arabismus
747 3344 1012 3410 sormam
1069 3342 1544 3431 simpliciorem,
1609 3340 1940 3410 obliterata
1992 3340 2267 3409 cultioris
2324 3340 2608 3430 linguae
2671 3364 2672 3369 ’

327 3458 666 3526 subtilitate
716 3467 781 3523 et
823 3466 1049 3522 ornatu
1095 3455 1189 3541 2).

410 3686 471 3751 1)
507 3702 558 3752 p.
598 3687 714 3735 169,

409 3801 475 3867 2)
515 3814 707 3869 operae
754 3805 836 3851 est
889 3798 1113 3867 linguam
1167 3798 1297 3855 banc
1347 3799 1683 3854 recentiorem
1708 3798 1945 3869 penitius
1977 3815 2130 3853 nosse
2162 3805 2272 3853 tum
2305 3796 2371 3851 ad
2406 3813 2612 3854 omnes
2667 3842 2668 3881 3

533 3891 792 3944 semiticaa
826 3898 935 3945 tum
970 3892 1035 3944 ad
1071 3893 1263 3946 cultam
1289 3892 1547 3946 arabicam
1577 3891 1760 3942 melius
1788 3889 2203 3957 intelligendam3
2237 3903 2285 3939 v.
2306 3889 2614 3960 praecipue
2667 3902 2668 3917 ³

534 3980 766 4034 Niebuhr
816 3981 1201 4048 Bescbreibung
1255 3999 1305 4050 p.
1337 3986 1410 4033 83
1457 3998 1568 4048 sqq.
1622 3988 1679 4035 et
1733 3982 1992 4035 itineraria
2044 3982 2178 4063 arga,
2249 3984 2311 4030 ut
2359 3976 2612 4033 Scholzii

535 4072 767 4139 (1822),
806 4073 1093 4136 Minutolii3
1142 4071 1367 4124 Habiebt
1394 4070 1542 4139 epist.
1578 4071 1773 4139 aliquot
1807 4087 1880 4126 ar.
1917 4072 2059 4124 Vtat-
2090 4069 2231 4120 1824
2267 4066 2379 4134 (cui
2417 4075 2610 4123 tamen
2665 4138 2666 4141 Ἴ

533 4166 663 4216 libro
713 4178 871 4231 purus
918 4178 1020 4215 nou
1074 4163 1206 4215 inest
1258 4162 1596 4229 Arabi-smus).
1693 4162 1930 4228 Dombay
1983 4159 2314 4228 grammatica
2368 4174 2610 4214 muro-

532 4254 747 4306 arabica.
787 4252 1005 4305 vindob.
1044 4255 1199 4304 1800.
1285 4252 1503 4306 Caussin
1548 4253 1614 4306 de
1650 4252 1896 4306 Perceral
1941 4251 2247 4321 “ammaim
2282 4251 2444 4305 arabe
2477 4254 2612 4305 nil-

535 4345 697 4411 gaire.
736 4342 856 4396 Par.
894 4345 1047 4395 1824.

2627 4428 2664 4687 l
