2675 4692
305 168 453 247 198
848 156 965 226 De
1015 160 1366 253 negativis
1417 155 2070 227 enunciationibus.

159 334 264 391 ⁶9³
468 339 744 427 Jamque
800 338 897 407 his
956 340 1250 408 omnibus
1317 337 1678 406 enunciatio
1734 337 1994 428 simplex
2053 336 2210 406 satis
2254 335 2597 425 descripta

303 462 419 519 est.
504 451 644 518 sed
688 454 956 526 sormam
997 453 1134 543 ejus
1165 453 1500 541 hucusque
1527 453 1880 541 proximam
1907 462 2150 518 tantum
2175 450 2313 516 sive
2338 463 2597 529 rectam

303 564 771 633 delineavimus.
873 567 1158 635 Possunt
1200 589 1351 634 vero
1395 567 1531 657 ejus
1577 565 1729 634 varii
1772 588 1916 632 esse
1959 563 2222 631 colores.
2324 563 2596 631 Etenim

305 679 596 764 negatio
649 691 715 746 et
774 678 1241 769 interrogatio
1290 680 1610 747 accedere
1662 690 1969 770 possunt3
2040 675 2134 742 vel
2189 677 2381 743 etiam
2428 699 2599 741 nova

304 810 565 878 prorsus
624 792 1080 863 enunciationis
1133 793 1328 862 facies
1385 791 1897 882 interjectionis
1957 791 2011 856 vi
2055 790 2222 857 oriri.
2325 790 2441 855 De
2504 789 2599 856 his

189 905 194 910 ’
304 904 504 991 igitur
536 904 672 994 jam
718 904 1020 997 deinceps
1065 904 1424 974 dicendum.

930 1163 976 1211 1.
1051 1160 1135 1209 De
1169 1156 1441 1229 negativis
1474 1154 1957 1209 mundationibus.

160 1279 270 1330 694
341 1294 348 1301 '
471 1273 577 1347 De
620 1277 965 1367 negatione
1007 1279 1193 1348 unius
1237 1278 1505 1347 nominis
1545 1300 1663 1369 per
1706 1302 1779 1346 se
1821 1278 2006 1368 positi
2049 1278 2155 1346 hic
2180 1300 2308 1345 nou
2345 1278 2592 1366 agitur.

306 1468 583 1535 Constat
622 1469 789 1533 enim
831 1490 908 1534 ex
950 1463 1013 1557 ἕ
1035 1467 1199 1547 518,
1245 1489 1387 1534 eam
1428 1467 1679 1534 nomine
1712 1467 2013 1555 negativo
2020 1408 2139 1558 ἑὲ
2175 1479 2350 1534 statu
2384 1478 2594 1533 coust.

1643 1598 1673 1630 3
1719 1597 1791 1628 οο
1836 1597 1942 1629 ,0ae

294 1651 634 1742 jungendo
697 1653 1175 1745 exprimendam
1237 1677 1414 1732 esse,
1465 1666 1539 1724 ut
1578 1640 1784 1765 ‘332ss
1813 1671 1934 1742 ἃ*
1984 1655 2384 1736 increatus,
2443 1677 2591 1722 cum

727 1803 892 1836 >Qec-o
916 1803 1081 1837 3000ae
1116 1805 1146 1837 3
1234 1804 1266 1836 0
1287 1804 1346 1835 0⁶

306 1861 576 1928 articulo
619 1838 849 1965 ξ-’ὗρὲῐῦ
880 1849 1042 1949 223⁸
1099 1848 1345 1997 ῥῑωὶῖἱ
1395 1861 1591 1927 Immo
1627 1861 1730 1928 ille
1766 1861 2157 1937 increatus,
2199 1862 2309 1927 ubi
2346 1863 2587 1929 articu-

303 2019 431 2086 lum
481 2032 630 2089 ante
671 2032 910 2090 statum
954 2032 1189 2090 constr.
1226 2043 1308 2089 ex
1349 2017 1414 2111 §.
1442 2020 1573 2088 536
1617 2019 1977 2129 explicalgis.
2062 2021 2290 2091 Potest
2319 2020 2585 2112 quidem

305 2136 689 2227 adjectivum
748 2137 846 2207 vel
908 2137 1308 2228 participium
1365 2136 1556 2204 etiam
1599 2134 1949 2224 praedicati
1994 2136 2131 2201 vice
2170 2135 2453 2224 positum
2497 2140 2585 2206 ita

929 2267 963 2300 5
1005 2281 1031 2296 ο
1114 2265 1204 2300 30-
1263 2265 1384 2297 σοι

309 2325 574 2412 negari,
633 2348 688 2390 v.
733 2345 789 2389 c.
838 2314 1042 2433 στὶ-’ἰδ’
1079 2339 1199 2410 22⁸
1251 2325 1381 2401 μ’,
1430 2322 1555 2386 illo
1612 2345 1747 2387 non
1809 2321 2137 2388 timente.-
2200 2321 2319 2390 sed
2379 2325 2584 2391 velia

303 2484 402 2551 his
443 2482 700 2574 proprie
736 2501 969 2549 nomen
1008 2491 1256 2548 tantum
1298 2500 1416 2568 per
1455 2503 1526 2548 se
1573 2492 1868 2569 negatur.

477 2650 710 2737 Agitur
753 2669 904 2714 vero
950 2646 1036 2715 de
1078 2648 1427 2737 negatione
1468 2647 1666 2714 totius
1706 2646 2198 2730 mundationis,
2253 2648 2584 2736 particulis

302 2762 615 2848 negativis
659 2759 1042 2829 denotanda.
1139 2760 1389 2848 Tangit
1449 2761 1707 2850 quidem
1763 2774 1831 2830 et
1884 2763 2048 2831 haec
2087 2763 2381 2851 proxime
2422 2786 2591 2829 non·

302 2875 422 2943 nisi
466 2897 657 2942 unam
699 2875 764 2942 in
809 2877 1255 2946 enunciatione
1297 2875 1652 2956 notionem,
1709 2875 1828 2944 sed
1867 2876 1997 2958 ita,
2053 2887 2126 2944 ut
2165 2877 2354 2944 simul
2395 2877 2589 2968 hujus

302 2988 553 3057 ratione
592 2987 865 3077 reliquas
912 2990 1369 3058 enunciationis
1411 3000 1628 3079 partes
1671 3002 1889 3079 neget.
1986 2992 2288 3080 Cumque
2330 2993 2591 3081 praedi-

304 3115 519 3170 catum
576 3114 650 3171 ut
704 3124 936 3173 nervus
996 3104 1190 3172 totius
1234 3104 1692 3172 enunciationis
1749 3126 2005 3193 semper
2045 3115 2159 3171 aut
2208 3103 2415 3173 solum
2478 3119 2593 3173 aut

305 3216 489 3284 simul
546 3230 857 3306 negetur,
930 3217 1153 3288 sedem
1217 3218 1481 3306 negatio
1547 3218 1684 3284 fere
1741 3218 2063 3309 propriam
2111 3230 2176 3287 et
2212 3220 2595 3287 continuam

304 3343 456 3399 ante
516 3330 953 3421 praedicatum
994 3332 1365 3422 occupavit,
1428 3334 1553 3421 qua
1596 3333 1659 3397 in
1702 3354 1778 3398 re
1832 3333 2062 3400 iterum
2119 3333 2593 3424 simplicitatem

302 3444 563 3532 linguae
603 3466 958 3533 agnoscas;
1012 3469 1222 3536 neque
1247 3446 1429 3513 'enim
1472 3446 1827 3533 negationis
1869 3443 2057 3512 sedes
2098 3449 2176 3512 ea
2204 3447 2505 3515 libertate
2532 3462 2597 3516 et

305 3557 609 3625 facilitate
667 3560 869 3627 variat
930 3563 1057 3650 qua
1113 3561 1180 3627 in
1234 3559 1465 3628 nostris
1522 3558 1775 3647 linguis.
1879 3557 2025 3625 Nec
2080 3558 2197 3625 nisi
2239 3560 2481 3649 insigni
2527 3562 2587 3626 vi

305 3671 569 3759 negatio
632 3669 734 3737 alii
792 3672 966 3751 voci,
1037 3679 1227 3762 quam
1289 3672 1595 3760 insignire
1652 3695 1919 3740 necesse
1963 3685 2094 3752 est,
2155 3675 2597 3764 praeponitur.

305 3786 711 3874 Omninoque
755 3786 1086 3855 collocatio
1131 3786 1490 3875 negationis
1545 3809 1585 3853 e
1643 3809 1867 3854 sensus
1922 3787 2379 3877 perspicuitate
2432 3811 2595 3877 peu·

306 3900 437 3980 det.
480 3939 566 3951 -—
642 3901 1009 3969 Particulae
1051 3921 1245 3989 porro
1289 3900 1628 3989 negativae
1670 3900 1882 3966 variae
1922 3913 2088 3969 sunt.
2173 3901 2346 3967 Nam
2389 3923 2599 3989 quan·

307 4084 498 4148 quam
560 4064 643 4129 ab
695 4062 871 4129 initio
929 4082 1124 4126 unum
1168 4071 1414 4128 tantum
1471 4061 1730 4149 linguae
1791 4070 2048 4149 praesto
2106 4059 2298 4126 suerit
2338 4048 2387 4142 {t
2430 4085 2596 4132 non,

311 4188 522 4240 tamen
580 4175 703 4241 hac
761 4173 1070 4263 particula
1129 4197 1275 4241 cum
1337 4161 1470 4242 aliis
1513 4174 1840 4264 particulis
1885 4173 2237 4262 composita
2286 4173 2595 4262 novisque
