2675 4692
429 305 550 377 De
599 307 980 376 nominum
1026 302 1371 397 junctura
1419 314 1491 372 et
1540 302 2031 373 declinatione.
2229 315 2383 385 217

1034 502 1068 536 0

105 563 555 633 nominativum
622 575 806 633 notat
863 571 930 651 et
972 533 1147 670 ἐμὲ
1184 581 1407 628 casum
1451 559 1776 648 obliquum
1817 557 1943 649 (de
1983 560 2012 625 ι’
2060 556 2127 625 in
2169 560 2385 630 ultima

109 720 154 761 v.
187 693 258 786 S.
297 696 468 784 156)
521 695 614 782 ¹).

269 914 418 982 Sed
470 914 623 981 huic
673 933 791 1002 pro
835 912 1089 980 casibus
1133 910 1397 978 diversis
1440 912 1750 981 vocalium
1791 914 2119 983 variationi
2162 917 2384 982 acces-
2413 936 2521 987 ³35

105 1033 176 1099 sit
213 1029 548 1098 distinctio
598 1026 1053 1095 terminationis
1099 1024 1425 1093 nominum
1452 1026 1802 1112 plenioris
1845 1040 1911 1095 et
1964 1028 2389 1095 contractio-

109 1148 220 1212 ris.
326 1143 466 1209 Pro
500 1142 806 1232 junctura
851 1140 1019 1207 enim
1060 1140 1234 1206 varia
1274 1159 1506 1206 nomen
1550 1148 1662 1207 aut
1700 1140 1946 1229 plenius
1992 1153 2058 1210 et
2097 1142 2389 1209 sonorius

107 1271 208 1325 aut
268 1255 528 1323 brevius
585 1264 653 1321 et
711 1255 1098 1323 contractius
1155 1254 1220 1319 in
1262 1252 1392 1318 fine
1434 1253 1838 1341 pronunciari
1878 1266 2127 1346 potest3
2196 1254 2392 1347 idque

106 1373 358 1438 duabus
403 1390 487 1435 ex
526 1367 735 1434 causis
776 1366 1038 1434 diversis
1080 1347 1291 1455 neque
1329 1364 1502 1433 idem
1540 1387 1801 1456 prorsus
1846 1370 2302 1438 efficientibus:

269 1482 352 1569 1)
399 1502 638 1547 nomen
678 1479 745 1545 in
775 1490 946 1548 statu
982 1492 1351 1549 constructo
1384 1481 1569 1568 (aute
1590 1482 1975 1570 genitivum)
2005 1484 2092 1549 ob
2119 1483 2393 1551 celerem

107 1598 182 1664 ad
227 1594 777 1686 complementum
818 1593 1249 1661 necessarium
1293 1595 1629 1663 transitum
1670 1595 1955 1685 rapidius
2011 1597 2395 1686 pronuncie-

108 1723 204 1779 tur
247 1732 527 1777 necesse
566 1718 666 1774 est
706 1704 772 1799 ς.
798 1707 946 1775 330.
1034 1708 1224 1784 Quae
1265 1706 1547 1797 rapidior
1585 1710 2027 1797 pronunciatio
2065 1710 2129 1776 in
2167 1713 2398 1780 ceteris

108 1826 368 1916 quidem
446 1822 682 1912 linguis
742 1820 1039 1890 semiticis
1099 1842 1371 1910 magnas
1441 1835 1656 1891 movet
1721 1834 1789 1892 et
1847 1822 2256 1894 difficultates
2333 1839 2402 1895 et

108 1939 536 2020 mutationes;
571 1936 660 2003 *in
710 1935 1039 2004 Arabismo
1082 1936 1169 2001 ob
1215 1935 1525 2004 vocalium
1569 1937 1991 2005 constantiam
2033 1949 2099 2006 et
2141 1939 2400 2015 uberta-

109 2067 235 2122 tem
281 2052 397 2118 uni
438 2050 574 2139 legi
618 2048 1166 2118 constantissimae
1208 2058 1273 2116 et
1315 2049 1647 2117 facillimae
1691 2053 2109 2141 obtemperat.
2212 2053 2402 2122 Nam

111 2168 169 2233 in
213 2162 775 2237 terminationibus
819 2161 900 2252 pl.
939 2185 1096 2230 msc.
1139 2174 1206 2230 et
1249 2161 1356 2228 du.
1403 2200 1458 2250 ω
1502 2161 1711 2229 debile
1756 2176 1903 2252 post
1944 2165 2225 2233 vocalem
2265 2165 2401 2234 lon-

111 2304 268 2369 gam
344 2281 437 2347 ita
494 2278 560 2344 in
628 2286 774 2344 stat.
841 2287 1075 2359 constr.
1144 2275 1422 2357 excidit,
1521 2288 1594 2344 ut
1653 2276 1896 2366 reliqua
1966 2301 2090 2346 vox
2149 2280 2404 2370 integra

114 2407 390 2464 maneat.
487 2392 567 2460 In
630 2390 885 2487 reliquis
910 2439 929 2472 ‚
995 2412 1164 2479 quae
1221 2388 1455 2457 vocalis
1499 2413 1764 2458 casuum
1803 2392 2217 2462 mutationem
2256 2406 2406 2485 post

113 2511 401 2578 ultimam
440 2506 691 2573 literam
732 2504 1005 2585 habent,
1047 2502 1215 2570 haec
1255 2503 1586 2571 vocalis-si
1626 2527 1749 2573 vox
1790 2526 1909 2594 per
1950 2530 2023 2574 se
2064 2519 2225 2591 stat,
2269 2510 2405 2599 plc-

114 2625 254 2691 nius
323 2633 394 2689 et
451 2617 748 2687 sonorius
805 2640 954 2683 cum
1010 2638 1173 2684 sono
1231 2617 1428 2684 nasali
1470 2619 1821 2708 postposito
1866 2642 1983 2688 seu
2021 2625 2409 2690 nunatione

119 2736 218 2827 (S.
254 2735 385 2822 81)
427 2733 732 2814 effertur3
791 2730 899 2819 qui
939 2729 1079 2819 ipse
1122 2729 1307 2799 deest
1347 2731 1412 2798 in
1455 2743 1624 2800 statu
1668 2745 2073 2818 construct03
2132 2746 2204 2803 ut
2238 2758 2407 2805 nom.

117 2869 220 2923 aa,
253 2849 322 2916 in
361 2860 441 2916 st.
476 2869 533 2914 c.
575 2866 632 2915 a.
751 2845 938 2920 Quae
978 2843 1293 2912 levissima
1335 2857 1407 2913 et
1448 2848 1957 2917 constantissima
1994 2851 2262 2919 mutatio
2304 2871 2409 2918 re-

119 2962 354 3053 liquam
398 2981 627 3029 vocem
664 2952 969 3027 intactam
1014 2956 1178 3026 sinit.

287 3228 374 3318 2)
418 3226 772 3295 articulus
830 3164 919 3293 Ξῖ
951 3226 1188 3294 nomini
1250 3228 1359 3295 cui
1414 3216 1831 3318 praeponitur
1892 3237 2024 3295 tam
2080 3242 2260 3300 arcte
2313 3232 2411 3299 in·
2433 3263 2544 3314 330

127 3342 351 3411 haeret
409 3353 487 3410 ut
541 3339 678 3408 toni
737 3348 988 3429 partem
1043 3339 1109 3406 in
1163 3361 1238 3407 se
1278 3341 1491 3409 trahat
1542 3353 1610 3409 et
1648 3343 1736 3408 ob
1778 3353 2195 3428 augmentum
2235 3345 2410 3414 initio

131 3454 447 3524 accedens
505 3454 647 3521 finis
714 3453 888 3522 vocis
928 3453 1200 3522 vicissim
1241 3455 1497 3522 brevius
1540 3465 1607 3523 et
1640 3454 1836 3522 levius
1880 3468 2099 3539 sonet;
2161 3459 2414 3529 accedit

132 3569 304 3659 quod
362 3590 598 3636 nomen
655 3565 924 3634 articulo
978 3567 1264 3657 junctum
1320 3591 1441 3659 per
1481 3592 1554 3636 se
1595 3576 1727 3635 non
1763 3566 1930 3636 adeo
1974 3568 2255 3637 solitarie
2291 3594 2413 3660 po-

140 3685 301 3750 nitur
341 3704 537 3772 quam
580 3702 660 3746 eo
687 3701 976 3748 vacuum.
1058 3681 1238 3749 Hinc
1277 3683 1508 3751 eodem
1552 3705 1682 3773 quo
1721 3683 1788 3749 in
1827 3692 1907 3751 st.
1941 3696 2178 3767 const,
2221 3683 2413 3755 modo

249 3965 304 4034 1)
351 3964 607 4018 dialectos
657 3968 713 4018 et
760 3966 990 4033 lingnam
1036 3965 1267 4020 Arabum
1316 3964 1587 4031 vulgarem
1631 3962 1950 4031 comparanti
1996 3968 2172 4029 patet,
2230 3963 2284 4016 in
2335 3961 2414 4017 his

344 4058 583 4113 omnibus
632 4058 932 4112 nominativi
983 4057 1460 4128 pronunciationem
1509 4069 1623 4107 esse
1674 4062 1858 4105 novam
1895 4059 1949 4105 et
1983 4053 2165 4107 sedulo
2199 4054 2412 4109 distinc—

350 4159 469 4205 tam.
558 4148 694 4203 Nam
743 4151 793 4202 in
844 4152 910 4220 pl.
964 4167 1088 4204 msc.
1124 4151 1180 4201 in
1217 4148 1347 4216 (im)
1388 4152 1467 4200 est
1502 4145 1795 4199 terminatio
1830 4143 1971 4196 hebr.
2009 4161 2168 4215 aram.
2205 4153 2262 4200 et
2294 4163 2413 4199 ara-

346 4244 496 4298 bismi
545 4240 806 4310 vulgaria
859 4242 912 4295 in
961 4239 1047 4293 du.
1085 4240 1317 4295 similiter
1355 4238 1462 4292 ain.
1558 4237 1617 4290 In
1654 4254 1734 4306 ng.
1774 4236 1966 4291 vocalis
2000 4236 2237 4305 proxima
2274 4243 2415 4290 esset

354 4334 390 4386 ἃ
422 4338 471 4403 s.
497 4338 586 4388 τι.
