2675 4692
205 479 314 529 ⁸708

346 127 497 206 216
819 124 936 194 De
989 122 1495 196 enunciatione
1543 121 2111 216 interjectionalt

926 339 984 394 3.
1054 336 1140 385 De
1176 331 1548 387 mundatione
1580 333 2017 402 interjectionali.

517 458 900 527 Enunciatio
959 454 1409 544 interjectionis
1467 457 1589 523 ritu
1647 458 1894 546 prolata
1953 456 2137 522 animi
2184 477 2440 523 sensum
2479 476 2569 518 no·

352 568 568 657 quiete
611 583 678 640 et
712 569 971 649 sedate,
1014 568 1132 637 sed
1175 591 1256 635 ex
1295 569 1629 658 repentino
1672 582 1850 637 motu
1881 553 2098 653 effert3
2137 591 2361 656 neque
2390 567 2574 654 einsti

348 684 618 774 subjecti
675 708 755 752 ac
808 682 1160 775 praedicati
1209 681 1502 772 junctura
1556 682 1882 773 procedit,
1938 683 2054 750 sed
2097 684 2383 750 subitum
2432 680 2578 747 animi

354 810 599 874 motum
643 798 916 866 breviter
957 795 1246 878 effundit,
1289 809 1660 866 consuetum
1703 797 2011 864 sermonis
2056 796 2369 863 ambitum
2409 805 2474 861 et
2506 814 2581 859 or·

350 908 562 977 dinem
620 910 795 978 haud
851 933 1103 979 curans.
1198 909 1396 979 Unde
1450 935 1611 980 nova
1669 930 1769 980 est
1813 914 1946 1003 ejus
1994 912 2190 978 facies
2251 909 2524 997 satisque
2556 929 2584 972 ι

353 1021 608 1111 reliquis
651 1024 941 1093 omnibus
983 1023 1441 1093 enunciatiouis
1484 1025 1830 1114 generibus
1872 1019 2190 1094 distincta.
2310 1020 2445 1088 Sed
2482 1044 2587 1087 mo-

350 1148 453 1204 tus
493 1136 596 1201 ille
640 1136 883 1204 subitus
924 1140 1196 1208 maxime
1237 1150 1337 1206 est
1364 1139 1572 1206 varius
1598 1161 1716 1229 pro
1745 1138 1939 1215 vario,
1980 1139 2086 1227 qui
2128 1136 2418 1205 animum
2450 1156 2586 1201 con·

350 1262 565 1317 movet
603 1261 671 1317 et
717 1251 1027 1339 percellit,
1091 1273 1318 1320 sensu:
1384 1263 1723 1342 potestque
1761 1251 2114 1342 interjectio
2158 1262 2281 1317 aut
2323 1252 2447 1316 una
2482 1259 2585 1315 tan-

349 1371 485 1429 tum
532 1385 691 1429 voce
734 1364 1042 1432 contineri
1086 1365 1417 1454 abruptius
1453 1364 1743 1454 prolata,
1801 1378 1916 1432 aut
1954 1365 2281 1452 integram
2326 1361 2587 1429 ennada-

350 1475 586 1541 tionem
644 1498 882 1563 regere
950 1501 1202 1567 suoque
1255 1479 1509 1567 tingere
1551 1477 1787 1546 colore.
1886 1476 2159 1565 Singula
2196 1489 2421 1545 tamen
2456 1495 2588 1563 quae

353 1586 482 1653 huc
520 1588 914 1675 pertineant,
969 1613 1114 1659 cum
1171 1613 1367 1681 supra
1423 1591 1728 1682 pleraque
1768 1591 1899 1660 suis
1940 1591 2096 1658 locis
2140 1589 2443 1680 explicita
2478 1587 2590 1658 sint·

351 1700 457 1766 hic
503 1701 830 1790 potissima
887 1715 1132 1775 tantum
1180 1704 1558 1794 recolligere
1599 1714 1666 1772 et
1710 1726 1874 1772 nova
1914 1700 2233 1794 quaedam
2280 1704 2360 1770 iis
2400 1699 2584 1791 adjun-

349 1835 513 1900 gere
554 1814 804 1902 placet:

523 1982 583 2048 1.
634 1981 817 2057 Quos
860 2005 1100 2050 nomen
1143 1983 1208 2050 in
1264 1981 1700 2072 interjectione
1758 1981 1961 2050 varios
2024 1980 2379 2050 admodum
2432 1975 2586 2047 animi

350 2116 574 2163 sensus
631 2096 985 2186 exprimere
1025 2107 1281 2186 potest,
1344 2119 1457 2164 eos
1496 2094 1718 2182 lingua
1758 2095 1823 2161 in
1863 2095 2093 2163 talibus
2139 2091 2584 2184 diligentissimo

350 2207 575 2277 formis
630 2207 1029 2298 distinguere
1083 2210 1351 2299 sategit,
1406 2208 1732 2299 particulis
1773 2230 2067 2299 quoque,
2118 2208 2175 2276 si
2218 2229 2482 2277 necesse
2518 2201 2581 2269 τί·

352 2319 615 2392 deretur
633 2372 652 2404 ,
695 2320 945 2392 idoneis
987 2324 1300 2394 assumtis.

527 2461 606 2545 1)
667 2461 957 2529 Primum
1009 2459 1211 2548 igitur
1279 2458 1637 2529 enunciatio
1694 2456 2058 2549 hujusmodi
2116 2458 2309 2524 animi
2365 2475 2583 2524 seusun

355 2572 812 2662 simplicissime
870 2585 941 2641 ut
979 2572 1274 2639 volentis
1329 2585 1399 2642 et
1420 2572 1746 2659 jubeatis
1789 2574 2021 2639 efferre
2064 2584 2297 2662 potest.
2405 2571 2585 2646 Quare

354 2685 663 2774 particula
718 2686 826 2753 hic
878 2709 1043 2777 opus
1099 2708 1233 2754 non
1293 2698 1429 2771 est3
1484 2707 1714 2753 nomen
1768 2707 1921 2753 vero
1985 2697 2098 2755 ant
2134 2687 2201 2752 in
2242 2682 2582 2753 nominafim

356 2810 469 2866 aut
509 2799 571 2865 in
615 2800 980 2868 accusativo
1021 2800 1305 2868 effertur.
1406 2800 1499 2870 Et
1536 2798 1640 2867 ille
1686 2798 1940 2887 quidem
1985 2798 2409 2872 enunciationi
2456 2797 2582 2862 inest

358 2934 474 3002 per
515 2936 587 2980 se
648 2913 1012 3003 perfectae,
1082 2936 1249 3003 quae
1306 2925 1373 2983 et
1428 2913 1716 3004 subjecto
1775 2926 1843 2984 et
1894 2911 2265 3004 praedicato
2327 2913 2581 2982 distincto

363 3102 758 3184 continetur,
798 3113 873 3171 ut
916 3041 1201 3190 έςιὶἑσ
1164 3092 1318 3201 (Ἂν
1371 3125 1519 3190 pax
1561 3100 1643 3168 sit
1682 3098 1858 3165 tibi!
1902 3059 2029 3191 «Ξῇδ
2082 3088 2194 3155 ‘Ul
2243 3101 2363 3170 dei
2398 3101 2472 3170 sit
2502 3118 2581 3164 co·

351 3261 606 3349 pia‚s
574 3261 1033 3331 &benedictio
1091 3263 1262 3326 tua!
1342 3259 1382 3326 i.
1426 3281 1482 3325 e.
1537 3254 1698 3325 deus
1739 3278 1877 3325 rem
1916 3283 1967 3327 s.
2011 3282 2175 3350 opus
2216 3273 2395 3331 tuum
2435 3276 2578 3350 pne·

364 3447 493 3514 mio
536 3443 879 3515 secundet!
927 3447 1090 3513 bene
1131 3442 1400 3513 vovendi
1440 3443 1706 3513 formula
1738 3443 1823 3532 1).
1909 3457 1981 3549 fg
2026 3405 2240 3553 3⁴2?ss
2282 3449 2417 3537 (vel
2452 3385 2578 3530 33³

364 3605 595 3690 Kam.)
635 3606 925 3694 proprie:
981 3604 1361 3673 sufficientia
1398 3615 1511 3672 tua
1550 3602 1633 3672 sit
1672 3625 1819 3673 cum
1861 3628 1943 3673 eo
1984 3606 2029 3673 i.
2059 3629 2116 3675 e.
2158 3631 2234 3674 eo
2275 3621 2349 3678 ut
2379 3623 2578 3678 sumno

488 3955 552 4024 1)
585 3954 738 4008 Kam.
773 3952 874 4008 hoc
900 3966 974 4042 J>
1016 3954 1242 4021 explieat
1277 3967 1372 4020 per
1402 3894 1727 4028 Kss‘opem
1760 3967 1831 4014 :¹-
1879 3953 2175 4022 praemimn.
2267 3951 2421 4006 Haud
2458 3946 2573 4005 ooll-

592 4062 748 4114 tenda
789 4061 911 4114 mim
947 4060 1153 4113 videtur
1175 4059 1340 4128 prima
1373 4062 1514 4115 notio
1552 4060 1729 4130 copim
1748 4094 1762 4118 ‚
1792 4062 2017 4130 indeque
2056 4062 2270 4130 praemii
2303 4062 2441 4130 largi.
2500 4055 2577 4110 V·-

591 4160 666 4211 ria
714 4160 779 4212 de
813 4175 878 4212 eo
912 4159 1158 4227 collegit,
1218 4176 1314 4214 nee
1345 4160 1666 4227 dijudicavit,
1703 4167 1975 4214 comment.
2008 4161 2075 4214 ad
2108 4160 2235 4216 Har.
2276 4180 2330 4231 p.
2350 4165 2461 4216 ⁸01.
