2675 4692
894 304 1439 400 Prolegomena.
2211 320 2306 398 19

16 516 19 565 ς
56 490 158 558 tium
208 487 405 555 circa
475 486 763 553 internas
818 506 1047 553 causas
1102 485 1414 574 legesque
1454 492 1637 553 'veras
1653 535 1672 566 ‚
1730 484 2012 576 dumque
2078 509 2306 555 causas

55 599 153 683 (seu
188 606 509 685 systema
584 590 945 679 quoddam)
1018 604 1336 680 quaerunt
1390 602 1457 658 et
1512 589 1687 658 haud
1737 614 1887 660 raro
1945 594 2306 659 innumeras

16 744 17 747 =
57 699 275 791 «jusdem
316 700 435 765 rei
485 695 777 764 diversas
822 696 1161 786 colligunt,
1204 695 1358 763 dum
1401 720 1568 785 quae
1594 700 2012 764 observarunt
2046 697 2307 785 linguae

53 805 343 893 peculiaria
388 802 766 869 nominibus
789 800 1017 869 sedulo
1050 801 1399 890 insigniunt
1421 804 1765 883 distinctis,
1810 825 1849 868 a
1889 800 2053 867 veris
2078 802 2306 882 causis,

52 910 95 977 id
122 933 249 977 1010
310 920 428 976 est
498 932 538 974 a
584 907 847 996 simplici
889 918 957 973 et
996 929 1290 995 congrua
1334 910 1756 1003 explicatione
1793 909 2014 998 procul
2058 909 2307 974 absunt.

52 1017 193 1082 Plura
261 1013 760 1104 grammaticae
834 1013 1044 1100 capita
1124 1010 1384 1078 assiduo
1453 1035 1679 1079 eorum
1734 1012 1944 1080 studio
2012 1012 2310 1100 implicita

53 1122 205 1210 magis
264 1131 433 1187 sunt
493 1130 562 1185 et
620 1118 914 1184 intricata
953 1126 1159 1207 :quam
1202 1116 1498 1205 explicita
1540 1128 1608 1184 et
1652 1115 2008 1183 dilucidata.
2107 1117 2310 1181 Vere-

56 1248 139 1312 que
166 1225 492 1314 profecto
537 1219 1025 1288 Ibn-Khaldun
1062 1219 1135 1306 ¹)
1179 1220 1415 1305 sensit,
1466 1220 1638 1287 aliud
1677 1244 1820 1287 esse
1861 1221 2311 1307 grammatico-

53 1353 149 1396 rum
219 1330 465 1395 horum
522 1348 715 1393 nosse
762 1324 996 1415 placita
1020 1376 1025 1383 -
1053 1337 1119 1393 et
1156 1324 1542 1416 praecepta,
1600 1323 1770 1393 aliud
1814 1324 2073 1411 linguae
2124 1348 2314 1392 sensu

61 1444 104 1498 et
131 1454 250 1497 usu
303 1452 464 1497 esse
505 1428 816 1497 imbutum
862 1428 956 1515 ²).

166 1553 442 1639 Deinde
463 1551 864 1642 grammatici
896 1574 1167 1639 quorum
1200 1551 1439 1640 scripta
1471 1551 1824 1619 inclaruere
1857 1554 2132 1641 Bacrae,
2177 1550 2313 1620 Cn-
2353 1564 2426 1612 28

58 1662 161 1739 fae,
222 1659 546 1727 Damasci
563 1710 583 1739 ,
640 1656 946 1745 Bagdadi
1006 1658 1268 1746 aliisque
1308 1658 1570 1726 urbibus
1617 1668 1794 1726 extra
1833 1659 2130 1725 Arabiam
2177 1657 2317 1725 fere

57 1769 316 1834 omnibus
364 1765 685 1854 degentes
730 1785 855 1829 11011
898 1764 1017 1851 ipsi
1061 1775 1244 1831 erant
1288 1765 1535 1831 Arabes
1589 1761 2023 1830 Muhammadi
2077 1764 2314 1851 poetis·

58 1896 150 1959 que
200 1873 537 1940 veteribus
600 1869 823 1935 coaevi
868 1869 964 1936 vel
1008 1869 1393 1937 contribules
1413 1921 1432 1951 ,
1486 1868 1603 1938 sed
1651 1868 1849 1937 exteri
1889 1868 2163 1935 maxime
2205 1892 2316 1934 ex-

62 1977 175 2043 teris
229 1977 296 2043 in
368 1974 562 2043 terris
605 1975 917 2051 viventes,
988 1998 1133 2040 cum
1174 1975 1395 2064 lingua
1439 1978 1698 2044 arabica
1731 1974 1856 2041 labi
1886 1973 2021 2062 jam
2065 1984 2130 2041 01
2171 1996 2315 2039 001·-

64 2080 231 2167 rumpi
278 2079 519 2167 coepit.
627 2078 857 2166 Itaque
917 2102 1280 2169 quanquam
1318 2082 1441 2170 ipsi
1480 2081 1740 2170 linguae
1792 2077 2091 2143 arabicae
2131 2100 2319 2144 usum

64 2182 352 2249 habebant
414 2180 888 2270 quotidianum,
949 2205 1140 2250 sensu
1196 2197 1413 2253 tamen
1466 2185 1601 2274 ejus
1645 2185 1783 2253 vivo
1827 2195 1895 2250 et
1933 2183 2144 2250 nativo
2188 2205 2318 2249 non

16 2376 17 2379 Ἴ
63 2310 119 2353 eo
153 2300 339 2355 erant
377 2286 605 2354 imbuti
654 2309 781 2374 quo
821 2289 1065 2355 Arabes
1094 2289 1374 2377 genuini.
1455 2288 1780 2376 Linguam
1813 2288 2164 2377 perfectam
2181 2290 2319 2380 jam

16 2384 19 2457 ἰ
64 2406 112 2460 et
152 2395 447 2462 stabilem
504 2390 854 2474 redditam,
918 2404 1148 2481 utpote
1196 2395 1468 2463 Korano
1530 2393 1931 2476 adstrictam,
2003 2410 2069 2465 et
2116 2397 2235 2486 ipsi
2280 2419 2321 2461 e

16 2536 17 2543 κ
64 2498 280 2586 seriptis
328 2495 697 2566 didicerunt
734 2510 800 2567 et
837 2500 990 2567 alios
1025 2500 1400 2568 docuerunt.
1484 2501 1706 2576 Quare
1736 2488 2137 2567 vetustissimi
2161 2500 2319 2591 jam,

69 2624 309 2688 quornm
358 2600 719 2668 doctrinam
763 2603 861 2667 vel
902 2604 1230 2693 opiniones
1273 2618 1387 2674 aut
1424 2607 1660 2696 scripta
1704 2606 1894 2672 etiam
1927 2603 2118 2672 hodie
2159 2625 2320 2691 cog-

16 2758 19 2847 5*
66 2727 307 2773 noscere
352 2705 540 2785 11001,
597 2715 671 2771 111
708 2705 1022 2771 ΕἰσΙιαΖίΖ
1059 2707 1179 2796 (111.
1214 2732 1270 2775 0.
1300 2731 1358 2774 a.
1390 2706 1552 2797 170)
1593 2720 1659 2776 et
1708 2707 2066 2776 Sibawaz'lz
2108 2710 2226 2796 (m.
2261 2733 2320 2777 0.

16 2792 19 2871 l
62 2831 107 2873 1.
139 2809 292 2895 180)
364 2832 497 2874 non
555 2807 862 2879 dissident
924 2823 1167 2882 tantum
1220 2813 1388 2880 inter
1447 2836 1520 2880 se
1573 2814 1845 2881 maxime
1888 2825 1955 2883 01
1991 2811 2322 2902 litigantur

66 2916 301 2996 acriter,
364 2913 484 2981 sed
527 2914 719 2981 etiam
773 2914 858 2981 ad
898 2917 1182 2985 Arabum
1220 2915 1660 2984 Beduinorurn
1697 2918 1978 3005 linguam
2023 2919 2321 2986 continuo

16 3030 391 3103 provocant
430 3019 714 3106 hosque,
758 3018 1067 3107 siquando
1103 3021 1284 3088 nimis
1325 3019 1731 3102 dissentiunt,
1773 3046 2052 3089 summos
2081 3022 2323 3093 faciunt

16 3100 19 3211 j
68 3124 307 3192 arbitros
354 3124 481 3189 falli
522 3123 772 3191 nescios
805 3124 899 3212 ³).
980 3127 1072 3195 Bt
1114 3148 1477 3215 quanquam
1521 3127 1756 3195 multae
1793 3126 1958 3193 inter
1998 3148 2319 3214 gramma-

16 3228 201 3294 ticos
265 3228 438 3295 omni
489 3239 786 3316 tempore
851 3232 1135 3319 agitatae
1192 3242 1338 3298 sunt
1394 3230 1533 3297 lites
1594 3242 1659 3297 01
1716 3229 2012 3312 dissidia,
2072 3233 2136 3297 in
2183 3233 2322 3322 ipsa

70 3352 249 3412 tamen
304 3332 431 3399 hac
484 3335 947 3420 grammaticae
1013 3333 1394 3403 tractandae
1451 3335 1697 3403 ratione
1766 3340 2009 3403 summa
2067 3340 2320 3426 conspi-

70 3449 221 3518 rant3
258 3460 385 3504 1100
424 3439 700 3506 seriores
746 3440 862 3506 nisi
904 3441 1162 3529 regulas
1198 3459 1478 3525 augere,
1520 3439 1586 3504 in
1627 3438 1913 3513 ordinem
1947 3455 2012 3510 01
2043 3456 2321 3534 systema

72 3538 343 3629 redigere
377 3543 474 3611 vel
523 3545 838 3612 concisius
887 3545 1225 3633 complecti
1266 3543 1646 3615 didicerunt.

136 3725 185 3791 1)
218 3729 419 3785 Anthol.
455 3750 505 3801 p.
538 3735 645 3784 176
679 3749 792 3799 sqq.

135 3832 189 3899 ²)
222 3833 348 3889 haec
394 3855 497 3892 non
547 3834 889 3894 Arabicornm
942 3847 1141 3895 tantum
1187 3842 1640 3907 grammaticorum
1687 3845 1818 3897 ratio
1865 3848 1945 3895 est
1982 3849 2037 3894 et
2071 3856 2325 3904 mensura,

217 3925 306 3977 sed
344 3929 562 3982 omnium
597 3937 831 3983 veterum
866 3934 1202 4001 populorum,
1253 3934 1407 3985 simili
1441 3949 1510 3986 ex
1546 3936 1715 3989 causa.
1800 3934 1944 3987 Idem
1977 3932 2114 4001 apud
2149 3932 2321 3992 ludos,

218 4014 473 4085 Graecos,
521 4020 794 4073 Rabbinos
835 4021 1096 4074 observari
1135 4030 1323 4090 potest.

142 4118 195 4184 ³)
226 4138 273 4175 v·
310 4127 555 4196 imprimis
588 4130 933 4183 narrationem
968 4130 1034 4183 de
1068 4132 1162 4184 lite
1199 4133 1426 4202 quadam
1459 4133 1683 4199 celebri,
1718 4136 1774 4189 in
1808 4130 1995 4186 anthol.
2033 4150 2085 4201 p.
2112 4134 2236 4183 200.
2275 4137 2331 4183 et

224 4214 379 4283 alias,
422 4226 482 4273 111
512 4221 567 4273 111
600 4218 787 4273 01110111.
825 4220 865 4274 Ῑ.
909 4238 960 4290 p.
992 4226 1113 4275 406.
