2675 4692
316 180 469 254 338
884 170 1140 244 Brevis
1193 179 1594 240 metrorum
1653 170 2001 239 doctrina.

317 354 516 409 lecticis
553 355 883 424 praesertim,
939 356 989 408 in
1036 354 1224 435 quibus
1270 354 1472 422 syllaba
1507 356 1560 407 iu
1594 354 1699 407 tine
1732 356 1922 408 omissa
1956 352 2121 408 ardua
2152 352 2250 408 hac
2281 359 2597 424 pru-nch-

319 456 460 508 tione
492 454 639 522 quasi
672 454 958 523 suppletur.
1049 455 1377 521 Possuntque
1411 456 1464 507 in
1499 452 1752 520 ejusmodi
1787 453 2000 521 syllabis
2018 493 2035 519 ,
2095 470 2213 508 cun
2250 456 2471 510 vocate·
2502 457 2595 508 ob-

319 554 521 607 scurius
567 560 783 620 sonent,
847 550 1152 622 diphthongi
1208 551 1268 603 αἱ
1319 559 1375 605 et
1411 569 1483 605 au
1523 555 1789 622 componi,
1838 555 2004 606 rarius
2040 554 2196 608 etiam
2233 552 2259 606 t
2290 560 2346 607 et
2385 550 2429 605 ά
2466 556 2593 607 sieut

320 655 370 706 in
409 653 686 722 penultima
724 660 779 706 et
812 653 1241 722 antepenultima,
1289 650 1361 709 οἳ.
1395 651 1527 705 Tab.
1565 669 1616 722 p.
1633 655 1756 706 2³4.

179 872 285 922 313
461 861 611 919 Quae
664 859 979 913 recentiores
1030 865 1219 928 poetae
1273 859 1325 910 in
1377 855 1615 924 rhythmo
1664 857 1699 910 θ’.
1749 857 1891 910 varie
1936 857 2319 924 innovaverint,
2368 859 2514 912 νοω
2546 861 2589 911 si

318 964 597 1030 quaternos
627 975 806 1013 versus
842 957 1168 1012 brevissimos
1199 958 1274 1011 ita
1311 962 1644 1027 componunt,
1682 962 1743 1010 ut
1776 954 2041 1024 rhythmus
2077 957 2115 1013 f.
2151 959 2204 1011 in
2243 965 2438 1025 quarto
2457 958 2588 1012 iden

318 1061 679 1123 continuetur,
734 1059 786 1112 in
833 1057 996 1111 tribus
1047 1057 1304 1127 prioribus
1358 1058 1551 1123 variet,
1617 1073 1678 1111 ea
1730 1073 1847 1111 cum
1895 1073 1993 1111 nec
2041 1057 2273 1111 difficilia
2324 1059 2587 1111 intellectu

317 1158 448 1223 sint,
484 1173 618 1211 nunc
653 1156 858 1211 mittere
892 1158 1078 1228 placet.

173 1648 280 1698 314
455 1633 613 1685 Matri
659 1636 715 1685 et
763 1625 984 1698 rhythmi
1038 1627 1072 1682 t'.
1122 1629 1279 1683 causa
1331 1636 1521 1698 poetae
1567 1630 1727 1683 multa
1772 1628 1983 1697 quidem
2029 1644 2061 1680 a
2110 1628 2323 1695 lingue
2358 1629 2585 1695 vulgar‘n

310 1732 495 1786 finibus
545 1732 712 1784 aliena
764 1729 939 1783 dicere
985 1733 1236 1798 possunt3
1289 1727 1383 1781 sed
1438 1745 1563 1783 cave
1611 1744 1677 1781 ne
1713 1729 1882 1797 poetis
1916 1725 2185 1794 quodlibet
2216 1727 2378 1779 licere
2416 1734 2581 1795 putes-

307 1832 622 1899 Diligentius
674 1830 812 1883 enim
864 1843 1044 1885 omnes
1088 1826 1182 1883 has
1233 1828 1468 1883 licentias
1503 1825 1849 1880 consideranti
1884 1832 2095 1894 poetam
2126 1827 2181 1880 iu
2214 1827 2281 1880 iis
2316 1827 2449 1895 ipsis
2482 1842 2583 1879 non

308 1939 503 1986 temere
555 1946 654 1984 nec
687 1934 876 1998 suopte
910 1931 1107 1978 tantum
1143 1941 1210 1979 ex
1244 1926 1488 1992 ingenio,
1543 1925 1639 1979 sed
1674 1925 1878 1994 legibus
1912 1924 2219 1979 adstrictum
2252 1927 2455 1978 versari
2490 1942 2583 1995 ps-

307 2037 400 2087 tet.
485 2030 638 2088 Quae
685 2028 821 2081 enim
868 2033 1056 2095 poetae
1101 2027 1242 2083 licita
1273 2032 1425 2092 sunt,
1480 2042 1513 2077 a
1548 2025 1759 2093 linguae
1791 2024 2031 2078 arabicae
2066 2022 2277 2077 historid
2316 2031 2372 2077 et
2408 2024 2581 2078 indole

306 2129 581 2184 abhorrere
628 2131 924 2196 nequeunt,
979 2139 1267 2193 quanquam
1330 2139 1519 2177 causae
1571 2125 1624 2176 in
1672 2123 1888 2191 singulis
1931 2125 2105 2179 variae
2141 2132 2276 2179 sunt.
2350 2126 2582 2179 Plurima

305 2244 372 2282 ex
409 2229 650 2297 antiquae
684 2228 892 2294 linguae
925 2223 1155 2291 vestigiis
1183 2228 1511 2289 excusantur,
1542 2240 1574 2276 a
1610 2224 1779 2292 poetis
1814 2224 2049 2276 omuibus
2081 2223 2314 2277 studiose
2347 2228 2577 2277 serv-atis.

302 2328 421 2381 Alia
471 2342 539 2380 ex
589 2326 799 2393 linguae
851 2321 1182 2391 quotidianae
1224 2322 1592 2376 mutationibus
1641 2323 1886 2391 paulatim
1938 2324 2295 2391 ingruentibus
2332 2339 2579 2392 expressa

302 2431 449 2477 suntz
500 2423 623 2477 dum
674 2424 810 2476 enim
862 2422 1027 2487 stylus
1075 2421 1303 2487 vulgaris
1349 2424 1668 2476 constantior
1703 2427 1785 2474 est
1820 2428 1877 2475 et
1906 2424 2134 2475 sanctior
2148 2461 2166 2488 ‚
2202 2428 2394 2490 poetae
2430 2437 2579 2485 nova,

304 2539 437 2590 quae
474 2523 526 2575 in
561 2521 679 2575 viva
713 2521 889 2587 lingua
921 2520 1165 2573 continuo
1200 2521 1531 2587 exoriuntur,
1572 2519 1707 2574 haud
1745 2537 1909 2591 pauca
1943 2521 2128 2574 imitari
2162 2527 2394 2590 possunt.
2470 2520 2576 2572 De-

303 2623 460 2688 nique
509 2632 642 2688 quae
686 2626 875 2688 poetae
921 2619 1021 2687 ipsi
1069 2620 1310 2672 innovant
1355 2625 1659 2688 tentantque
1694 2621 1867 2687 varie,
1918 2619 2079 2673 indoli
2128 2621 2317 2673 saltem
2365 2620 2577 2687 linguae

307 2723 379 2773 ita
408 2719 519 2787 Jam
554 2718 708 2772 insita
742 2724 896 2783 sunt,
933 2722 992 2769 ut
1026 2724 1240 2771 naturae
1274 2718 1419 2771 velut
1451 2718 1628 2787 fruges
1665 2720 1920 2788 floresque
1955 2734 2023 2773 ex
2058 2719 2221 2787 stirpe
2256 2720 2383 2771 san-‘l
2417 2717 2577 2788 prod·

307 2825 430 2872 eant
476 2832 574 2870 nec
619 2814 899 2884 quidquam
949 2816 1102 2869 alieni
1163 2817 1247 2870 vel
1293 2817 1501 2871 obscuri
1547 2818 1782 2872 afferant.
1892 2819 2175 2896 1'osshque
2223 2818 2298 2870 ita
2346 2818 2581 2871 licentias

306 2920 399 2973 has
452 2918 726 2971 bonitates
773 2916 947 2985 potius
999 2915 1209 2983 linguae
1258 2914 1590 2971 inexhaustas
1638 2917 1944 3003 divitiasque
1996 2921 2054 2969 et
2104 2916 2388 2970 varietates
2420 2917 2577 2983 vulgo

308 3017 443 3071 haud
489 3021 764 3085 usurpatas
812 3014 1018 3079 dicere;
1087 3028 1185 3067 nec
1244 3015 1523 3083 quidquam
1581 3015 1681 3069 huc
1728 3015 2053 3069 referendum
2069 3055 2089 3083 ‚
2142 3015 2293 3082 cujus
2343 3031 2481 3083 quae
2512 3016 2575 3068 ἁ

307 3119 440 3170 ratio
477 3123 532 3169 et
566 3130 686 3168 cum
719 3112 895 3166 indole
929 3114 1136 3181 linguae
1187 3128 1354 3168 nexus
1389 3116 1652 3181 internus,
1703 3129 1807 3167 non
1841 3129 2144 3181 cognoscas.
2234 3114 2391 3168 Unde
2424 3117 2575 3169 etia-

310 3218 543 3272 licentias
592 3213 685 3268 has
745 3212 929 3266 melius
975 3212 1031 3265 in
1083 3213 1199 3281 ipso
1245 3215 1614 3281 grammaticae
1658 3212 1880 3267 decursu
1926 3212 2038 3267 suis
2071 3215 2235 3280 loeis,
2285 3190 2577 3283 ubieunque

308 3323 489 3386 aptum
534 3313 826 3377 videretur,
883 3311 1213 3381 explicandas
1247 3313 1442 3365 censui.
1536 3314 1651 3369 Nec
1684 3328 1820 3368 nunc
1852 3313 1937 3365 vel
1971 3330 2128 3382 supra
2162 3312 2304 3367 dicta
2340 3322 2575 3384 repetere

311 3415 394 3466 vel
448 3414 622 3467 omnia
666 3426 803 3479 quae
846 3409 948 3464 huc
993 3407 1166 3464 trahas
1200 3426 1502 3466 enumerare
1537 3414 1741 3482 placen
1790 3412 1860 3466 de
1890 3413 2171 3479 generibus
2204 3418 2384 3467 tamen
2420 3414 2573 3466 licea-

313 3515 500 3566 tiarum
536 3526 704 3581 pauca
738 3509 825 3564 hie
858 3525 1071 3564 monere
1102 3524 1206 3562 non
1242 3511 1467 3567 alienum
1501 3511 1644 3566 duxi.

179 3749 284 3796 815
459 3721 509 3769 1.
545 3717 593 3770 Α
628 3715 903 3788 prosodiae
932 3718 1132 3772 ratione
1164 3719 1435 3788 scriptura,
1471 3734 1607 3787 quaa
1639 3718 1694 3771 in
1728 3716 1864 3771 haud
1900 3716 2078 3785 paucis
2111 3715 2383 3769 vocabulis
2418 3718 2576 3770 cer-ai-

315 3817 435 3883 tur,
487 3818 697 3884 antiqua
731 3823 788 3869 et
822 3818 1022 3871 insueta
1055 3833 1267 3888 prorsus
1302 3820 1472 3871 aliena
1504 3824 1619 3884 est,
1668 3818 1814 3871 velut
1846 3816 1899 3869 iu
1933 3814 2223 3867 nominibus
2243 3853 2259 3877 ‚
2307 3815 2365 3868 in
2399 3816 2580 3883 quibus

313 3929 526 3993 longum
559 3941 600 3974 a
632 3925 782 3977 litera
823 3917 842 3981 i
879 3941 982 3979 non
1016 3926 1334 3997 descriptum
1360 3932 1483 3994 est,
1535 3942 1584 3978 v.
1620 3927 1671 3992 5.
1699 3926 1788 3978 76.
1876 3923 2162 3978 Rarissime
2196 3923 2338 3992 apud
2373 3926 2579 3992 sequio—

312 4050 425 4089 rem
471 4038 680 4104 poetam
725 4034 950 4101 aliquem
997 4036 1192 4089 vocalis
1240 4033 1278 4086 ά
1320 4035 1559 4090 vocabuli
1603 4034 1872 4104 cujusdam
1905 4034 1955 4098 S.
1976 4037 2047 4087 76
2082 4034 2331 4089 nominati
2366 4035 2581 4103 corripi-

313 4160 431 4216 tur,
476 4158 536 4203 ut
585 4141 717 4206 lM
771 4149 926 4232 hdfld
972 4152 1170 4221 Koseg.
1224 4152 1333 4225 chr.
1387 4171 1438 4221 p.
1467 4157 1554 4219 18,
1588 4156 1637 4205 4.
1690 4161 1745 4206 et
1796 4146 1892 4212 em
1949 4151 2137 4204 αΙΙᾶΙιο
2186 4155 2238 4206 in
2288 4153 2391 4209 hoe
2436 4170 2581 4208 versu
