2675 4692
343 340 439 411 52
468 430 497 463 i
872 322 991 394 De
1047 296 1419 399 vocalibus
1463 318 2088 393 concurrentibus.

232 537 305 587 ος
511 506 595 593 2)
640 516 949 597 sequente
988 516 1203 573 autem
1243 527 1291 571 a
1330 503 1472 572 soni
1528 501 1894 571 coalescere
1945 500 2117 569 nulla
2161 498 2410 566 ratione
2468 518 2606 585 pos·

341 634 521 705 sunt3
576 621 753 689 unde
812 617 1106 687 facillimo
1162 597 1433 685 transitu
1489 618 1666 705 prior
1706 616 1939 683 vocalis
1983 617 2012 680 ι’
2052 639 2111 683 v.
2155 637 2205 678 ιι
2245 613 2311 678 iu
2350 609 2607 678 semivo-

344 736 547 805 calem
599 734 860 815 transit,
908 740 1037 799 'aut
1075 732 1140 797 in
1181 730 1532 819 simplicem
1575 729 2051 809 semivocalem,
2112 736 2188 795 ut
2225 726 2278 792 si
2318 727 2402 791 ab
2441 721 2608 789 initio

340 851 515 919 vocis
558 870 751 916 sonus
809 847 839 912 i
880 869 934 911 v.
977 869 1026 909 a
1064 853 1198 926 est3
1268 855 1380 911 aut
1437 854 1739 911 manente
1791 841 1977 910 simul
2026 838 2228 908 vocali
2270 857 2432 903 sono
2473 845 2610 901 ante

341 959 820 1039 semivocalem,
878 955 945 1023 id
989 955 1166 1045 quod
1206 956 1272 1021 in
1312 953 1526 1022 media
1567 978 1728 1022 voce
1781 954 2161 1021 facillimum.
2262 950 2608 1036 Potestque

342 1073 733 1145 semivocalis
789 1070 1038 1153 media,
1099 1072 1155 1139 si
1205 1071 1401 1158 longa
1462 1079 1602 1135 erat
1653 1068 1921 1151 vocalis,
1987 1076 2286 1135 manente
2341 1058 2610 1150 graviori

342 1212 501 1258 sono
559 1185 907 1276 geminari,
960 1182 1091 1251 hoc
1143 1181 1405 1272 quidem
1461 1182 1766 1250 transitu:
1840 1186 2026 1259 i-a,
2069 1181 2280 1271 i—ja,
2319 1179 2461 1269 ijja
2502 1177 2606 1262 (ex

340 1299 630 1393 §.108).

508 1439 717 1557 Atque
771 1434 867 1502 sic
920 1430 1182 1521 quidem
1242 1431 1396 1499 alias
1452 1454 1715 1522 quoque
1772 1440 1923 1499 ante
1974 1426 2226 1498 vocales
2279 1426 2310 1490 ἰ
2351 1451 2411 1495 v.
2456 1449 2505 1491 u
2553 1424 2608 1489 in

311 1591 785 1706 semivocalem
842 1591 1114 1660 transire
1179 1603 1413 1681 potest.
1559 1588 1873 1680 Exempla
1920 1591 2053 1727 “bic
2122 1597 2352 1656 sunto:
2458 1569 2608 1666 ‘53³⁰

318 1753 587 1846 jaddja
627 1776 709 1822 ex
747 1751 1046 1841 jadaea·
1019 1795 1043 1830 ‚
1099 1749 1195 1829 ,A
1237 1749 1425 1817 lawa
1465 1773 1545 1819 ex
1586 1751 1827 1847 luo-q
1803 1767 1999 1814 W
2039 1745 2423 1835 (nominavit
2475 1739 2604 1827 me)

338 1932 591 2023 poetice
632 1931 697 1999 in
740 1928 885 1996 suff.
926 1926 1081 2014 nija
1127 1949 1210 1995 ex
1250 1927 1364 2010 nt,
1443 1930 1535 1996 ni-
1506 1951 1612 2012 -a,
1686 1882 1832 2058 Ξ),
1858 1948 2087 2016 -zJstm
2139 1947 2222 1993 ex
2261 1926 2455 1990 t-un.
2539 1990 2544 1993 .

224 2191 299 2241 91
496 2169 592 2261 3)
634 2166 858 2239 Vocali
896 2163 1114 2255 longd
1168 2163 1603 2257 praecedente
1658 2166 1911 2235 omnino
1953 2164 2204 2234 vocales
2245 2163 2424 2232 duae
2462 2184 2603 2231 nun·

336 2309 552 2389 quam
591 2284 990 2360 coalescunt,
1056 2302 1213 2346 sono
1273 2279 1554 2348 densiori
1610 2291 1680 2348 et
1733 2280 1995 2365 firmiori
2043 2301 2165 2368 per
2217 2302 2293 2347 se
2331 2279 2601 2349 immoto.
2657 2312 2658 2315 ¹

339 2402 639 2486 Cumque
695 2406 844 2486 post
882 2393 1160 2480 longam
1214 2394 1497 2460 vocalem
1567 2394 1597 2458 ι’
1649 2416 1909 2461 manere
1964 2402 2273 2481 nequeat,
2338 2415 2427 2458 ea
2477 2392 2538 2457 in
2564 2390 2603 2477 j

334 2514 427 2580 ita
479 2509 734 2590 transit,
790 2518 865 2575 ut
925 2504 1011 2571 ob
1054 2503 1336 2594 syllabae
1377 2506 1674 2573 arabicae
1715 2506 2025 2573 rationem
2088 2502 2154 2599 §
2196 2505 2284 2572 39
2326 2503 2602 2573 vocalem

334 2672 458 2741 sibi
496 2677 841 2760 postponat
874 2667 1346 2749 brevissimam,
1390 2675 1465 2734 ut
1502 2665 1569 2732 in
1611 2623 1774 2750 {5⁸33
1827 2661 1895 2755 §-
1937 2665 2041 2733 96.

221 2883 296 2934 ss
476 2863 678 2930 'Hinc
732 2860 786 2929 si
842 2858 928 2928 ad
958 2888 998 2939 ρ
1036 2870 1104 2929 et
1143 2870 1202 2935 εξ
1238 2858 1728 2951 progredimur,
1788 2857 1951 2927 haec
1993 2872 2093 2929 est
2114 2845 2318 2928 ‘orum
2359 2872 2598 2937 name,

335 2984 413 3041 ut
463 2995 690 3041 sonum
748 2972 916 3042 inter
970 2973 1254 3042 vocalem
1312 2986 1383 3042 et
1430 2968 1883 3041 consonantem
1927 2974 2266 3063 ancipitem
2312 2975 2596 3043 habeant.

334 3085 546 3174 Igitur
563 3137 583 3168 ,
642 3086 698 3153 si
751 3086 1033 3154 Arabum
1085 3111 1296 3156 sermo
1342 3098 1414 3156 ut
1454 3108 1732 3174 graecus
1776 3086 2086 3153 vocalium
2126 3087 2405 3176 plurium
2457 3109 2598 3155 con·
2641 3080 2649 3099 '

336 3220 592 3268 cursum
654 3209 1013 3289 pateretur,
1080 3201 1221 3268 soni
1276 3200 1344 3267 hi
1400 3198 1710 3266 vocalium
1761 3199 1821 3265 vi
1884 3196 2282 3288 pronunciati
2359 3210 2598 3280 essent3

292 3366 297 3371 -
334 3312 453 3382 sed
507 3335 656 3379 cum
711 3334 1059 3380 concursus
1117 3314 1172 3381 is
1230 3312 1547 3388 Arabibus
1590 3309 1764 3378 haud
1803 3312 2143 3395 toleretur,
2215 3315 2354 3383 soni
2397 3316 2462 3382 bi
2503 3314 2597 3380 fir-

332 3428 567 3495 miores
633 3448 714 3494 ex
770 3426 1091 3493 vocalibus
1142 3426 1273 3494 orti
1322 3436 1496 3493 sunt.
1557 3426 1889 3494 ·Accessit
1929 3427 2276 3518 praecipue
2315 3426 2596 3495 radicum

332 3541 593 3630 linguae
652 3539 957 3606 formatio
1002 3550 1339 3619 constans,
1396 3562 1564 3628 quae
1617 3550 1750 3607 tres
1792 3541 2002 3627 poscit
2040 3562 2232 3608 sonos
2271 3538 2593 3617 radicales,

334 3675 594 3732 omnes,
659 3652 713 3719 si
768 3651 1160 3718 formationis
1204 3651 1418 3747 jubet
1429 3651 1535 3721 lex
1576 3652 1960 3741 aequabilis,
2025 3655 2502 3722 consonantium
2543 3652 2594 3717 vi

334 3764 735 3856 prodituras3
791 3774 868 3830 ut
922 3784 1118 3851 saepe
1160 3760 1226 3843 ἰ,
1266 3787 1318 3826 u
1359 3761 1420 3837 in
1446 3765 1528 3851 j,
1588 3788 1655 3832 w
1702 3776 2044 3835 transeant.
2152 3768 2329 3835 Hinc
2375 3789 2593 3836 conse-

332 3879 621 3948 nantium
662 3874 919 3965 quidem
959 3873 1083 3943 vim
1122 3885 1313 3942 nacta
1351 3887 1502 3945 'sunt
1534 3904 1572 3954 9
1610 3887 1679 3946 et
1719 3889 1812 3961 εξ,
1877 3879 1997 3949 sed
2045 3902 2192 3949 eam
2245 3879 2444 3947 vocali
2486 3875 2592 3945 ad-

334 3990 597 4060 modum
637 3989 906 4056 vicinam
945 4013 1154 4080 neque
1191 3990 1282 4058 ita
1320 3989 1596 4078 rigidam
1638 3999 1706 4058 et
1745 4014 2024 4060 crassam
2065 4005 2140 4061 ut
2172 4004 2388 4061 nostra
2413 3992 2476 4079 j,
2511 4013 2592 4055 w.

332 4105 526 4174 Unde
584 4080 681 4192 1)'
703 4125 900 4171 sonus
967 4104 1071 4171 hic
1123 4096 1209 4170 ibi
1264 4114 1512 4171 tantum
1554 4106 1958 4174 consonantis
1997 4106 2121 4173 vim
2165 4117 2339 4174 tenet
2375 4123 2589 4194 perpe-

330 4231 478 4300 tuo,
532 4215 643 4285 ubi
697 4217 931 4287 vocalis
987 4232 1068 4283 ex
1124 4206 1260 4303 ipsa
1319 4215 1633 4303 positione
1689 4240 1854 4286 essev
1875 4219 2129 4308 nequit3
2183 4217 2304 4285 sed
2343 4217 2452 4283 ubi
2491 4237 2586 4282 so-

332 4356 488 4415 nus,
549 4331 602 4399 si
663 4333 898 4400 vocalis
959 4341 1163 4409 esset,
1227 4350 1377 4397 cum
1428 4329 1627 4396 vocab
1682 4342 2104 4400 concurrente
2161 4328 2447 4398 contrahi
2499 4325 2586 4393 vel
