2675 4692
286 306 375 355 VI
414 384 421 393 ι
760 350 769 363 ,
1219 281 1605 353 Praefatio-

484 466 833 543 Volumen
878 467 1171 540 alterum
1216 465 1406 565 quod
1445 465 1842 565 propediem
1876 466 2311 565 proditurum
2351 495 2555 567 spero
2661 454 2662 457 Ἴ

284 597 777 695 complectetur
825 597 1148 696 syntaxin
1164 645 1190 689 ‚
1264 606 1640 668 metrorum
1680 595 2061 668 doctrinam
2079 645 2106 688 ‚
2159 609 2230 668 et
2274 597 2551 696 linguae

284 725 591 826 vulgaris
659 751 821 799 cum
882 723 1177 798 classica
1238 736 1669 825 comparatae
1733 726 2126 823 imaginem.
2247 726 2360 799 De
2406 754 2551 799 me-

279 857 410 927 tris
471 853 769 928 arabicis
841 865 999 953 post
1046 853 1460 952 opusculum
1501 879 1733 925 meum
1774 863 1932 926 ante
1977 852 2106 927 hos
2159 881 2283 928 sex
2332 881 2554 930 annos

202 1033 211 1039 ·
282 983 643 1083 vulgatum
698 983 914 1057 edidit
973 983 1253 1082 quidem
1314 985 1708 1080 nuperrime
1771 980 2028 1054 librum
2087 985 2392 1083 amplum
2450 987 2548 1058 cl.

282 1113 718 1215 Freytag‚
789 1112 916 1187 sed
971 1114 1067 1186 ita
1115 1122 1195 1184 ut
1240 1112 1344 1185 rei
1391 1110 1833 1185 fundamenta
1892 1139 2137 1210 parum
2185 1139 2345 1187 eum
2393 1141 2553 1212 per-

282 1244 590 1341 spexisse
637 1244 912 1342 meique
961 1240 1285 1341 opusculi
1332 1239 1542 1315 finem
1592 1269 1732 1315 non
1781 1252 2170 1315 assecutum
2196 1268 2346 1316 esse
2382 1245 2554 1315 satis

279 1381 532 1468 pateat.
652 1373 814 1472 Ego
855 1373 931 1443 in
973 1398 1057 1443 re
1097 1369 1366 1442 summa
1414 1369 1589 1444 nihil
1643 1372 2047 1445 mutandum
2066 1421 2090 1464 ‚
2142 1374 2215 1443 in
2258 1372 2553 1471 singulis

281 1499 619 1598 quaedam
668 1495 1095 1574 emendanda
1145 1499 1402 1572 inveni.

486 1759 846 1835 volumini
895 1759 1061 1841 huie
1111 1757 1381 1857 adjecta
1428 1767 1533 1831 est
1581 1757 1814 1831 tabula
1880 1758 2261 1855 scripturae
2321 1755 2555 1831 arabi-

280 1914 404 1961 cae
480 1888 926 1985 explicandae
995 1888 1400 1979 utilissima‚
1486 1883 1576 1958 ab
1639 1888 2059 1959 amicissimo
2129 1886 2235 1957 Η.
2303 1886 2384 1958 Η
2401 1912 2550 1985 up-

279 2017 469 2091 feld
528 2015 1026 2118 Marburgensi
1044 2066 1069 2110 ‚
1158 2018 1310 2089 viro
1378 2017 1761 2115 scripturae
1823 2040 2042 2115 aeque
2110 2040 2195 2088 ac
2261 2014 2548 2116 linguae

281 2149 627 2221 semiticae
675 2149 1088 2248 gnarissimo
1107 2196 1132 2239 ‚
1203 2147 1639 2218 concinnata.

482 2415 838 2512 Scriptum
889 2413 1261 2514 Gottingae
1309 2425 1599 2488 exeunte
1648 2440 1832 2487 anno
1885 2410 2123 2486 1850.
