2675 4692
517 313 636 387 De
685 313 1047 387 radicibus
1107 314 1501 385 multifarie
1549 313 1879 388 infirmis.
2180 331 2335 403 315

82 540 511 646 quadriliteras
567 541 933 609 referuntur
988 539 1112 626 (cf.
1154 537 1452 630 §.191)‚
1512 551 1585 608 ut
1626 481 1769 630 133³:
1809 541 2172 609 commovit
2226 541 2342 612 ins.

78 671 262 835 3553,
302 734 456 801 Sur.
494 733 560 814 2,
604 730 751 797 Μ.
793 729 899 808 99,
944 726 1020 808 l,
1061 669 1212 811 3⁵3
1268 727 1444 793 levis
1496 724 1661 816 fuit
1725 726 2076 818 (pedibus)
2143 732 2344 801 subst.

78 867 272 1025 ³3:33,
329 880 496 1036 ἐῢ
537 934 804 1002 mansit
846 933 990 1001 loco
1037 954 1156 1001 suo
1201 931 1285 999 cl'.
1322 888 1381 1026 {s
1419 932 1671 1003 haesit.
1754 933 1933 1004 Inter
1982 931 2142 1026 quas
2185 962 2347 1006 non-

84 1054 280 1122 nullae
323 1063 474 1121 sunt
514 1073 554 1117 e
594 1072 645 1117 r.
689 1045 855 1116 med.
889 1076 930 1125 2
966 1058 1023 1121 εξ
1067 1045 1391 1115 derivatae
1407 1098 1439 1147 ².
1467 1069 1588 1138 pro
1628 1051 1869 1138 magna
1905 1071 2075 1138 quae
2109 1051 2351 1142 ubique

86 1233 410 1314 cernitur‚-
457 1229 747 1297 radicum
807 1227 1032 1295 harum
1093 1226 1603 1308 necessitudine,
1683 1236 1758 1294 ut
1813 1185 2007 1301 Q
2024 1262 2028 1265 ⁴
2047 1229 2353 1319 projecit

89 1394 162 1462 cf.
203 1348 319 1461 {lis
363 1390 620 1479 longus
664 1389 783 1456 fuit
823 1387 1241 1481 (projectus).
1347 1387 1765 1456 Grammatici
1806 1399 2022 1457 tamen
2067 1389 2352 1457 Arabum

85 1506 144 1574 id
183 1503 357 1575 haud
398 1514 778 1592 agnoscunt.

239 1673 518 1748 Praeter
573 1669 826 1737 radices
884 1669 1002 1736 has
1056 1666 1382 1736 literarum
1436 1680 1548 1737 aut
1600 1667 1892 1758 ejusdem
1952 1681 2068 1740 aut
2139 1668 2355 1738 similis
2374 1689 2484 1743 aas

88 1787 214 1856 soni
266 1784 623 1853 contractio
683 1783 855 1851 culta
907 1782 974 1849 in
1013 1781 1233 1871 lingua
1272 1806 1421 1850 rara
1459 1794 1591 1866 est,
1645 1794 1720 1852 ut
1754 1783 2045 1873 exempla
2089 1805 2357 1874 prorsus

904 1908 943 1945 9
985 1909 1019 1945 8
1516 1910 1554 1946 9
1599 1930 1624 1945 ο
1641 1912 1674 1946 0
1989 1916 2058 1946 ,a

87 1975 201 2043 sint
241 1971 590 2061 singularia
604 2020 625 2052 ‚
680 1968 849 2038 velut
889 1954 1071 2071 ὺῖὸιξ
1131 1969 1270 2038 coll.
1325 1993 1445 2062 pro
1504 1961 1720 2074 ὀῖὼῖξ
1766 1993 1868 2060 sg.
1909 1967 2063 2051 391⁸
2118 1970 2362 2039 hircus

85 2107 266 2174 Kam.
348 2104 428 2173 In
451 2104 720 2172 Korano
761 2101 1106 2191 linguaque
1146 2101 1392 2192 vulgari
1428 2103 1783 2174 contractio
1822 2102 2019 2193 paulo
2056 2102 2362 2193 frequen-

88 2221 236 2300 tior,
296 2244 357 2285 v.
393 2225 596 2306 'supra
638 2214 703 2306 §.
735 2217 883 2285 132.
919 2217 1063 2283 125.
1101 2218 1430 2285 185-187.
1534 2217 1671 2285 Sed
1719 2207 2228 2285 contractionem
2279 2237 2363 2283 ex

90 2333 335 2401 mollitie
387 2332 615 2400 literae
666 2344 725 2410 c,
772 2330 1161 2418 aliarumque
1201 2328 1579 2419 liquidarum
1629 2328 1966 2398 oriundam
2022 2329 2089 2395 iu
2127 2327 2363 2396 radici-

92 2449 200 2514 bus
264 2445 423 2536 ipsis
489 2444 748 2533 ignorat
810 2465 1071 2535 prorsus
1124 2443 1347 2531 lingua
1387 2444 1703 2528 Arabum3
1760 2445 1824 2511 in
1868 2442 2143 2512 flexione
2184 2453 2366 2511 extra

93 2560 332 2628 radices
375 2579 589 2648 pauca
623 2541 779 2626 'sunt
822 2556 957 2649 ejus
998 2557 1270 2644 vestigia
1312 2579 1508 2645 supra
1558 2571 1873 2628 enarrata.

416 2750 531 2819 IV.
593 2749 701 2816 De
743 2748 1101 2816 radicibus
1144 2748 1548 2834 multifarie
1588 2749 1921 2839 infirmis.

231 2864 485 2942 ‚Plures
545 2886 626 2930 ex
685 2863 782 2930 his
837 2864 1231 2933 infirmitates
1277 2863 1332 2930 si
1374 2863 1556 2931 radix
1599 2867 2082 2957 complectitur,
2145 2865 2369 2934 flexio-
2387 2889 2496 2941 43⁹

97 2999 198 3045 nes
261 2978 554 3044 infirmae
614 2976 680 3042 in
741 2977 971 3045 eadem
1013 2978 1240 3070 plures
1298 2979 1480 3045 simul
1543 2980 1851 3048 oriuntur.
1966 2979 2163 3048 Unde
2203 3001 2372 3047 nova

96 3092 422 3182 quaedam·
475 3103 543 3160 et
603 3091 951 3180 singularia
1005 3102 1380 3182 sequuntur.
1501 3092 1639 3159 Sed
1694 3116 1780 3160 ne
1836 3115 2056 3161 omnes
2115 3093 2370 3160 omniuo

97 3229 251 3295 quae
269 3297 278 3308 .
295 3205 574 3294 cogitari
617 3207 866 3294 possint
902 3205 1296 3275 infirmitates
1354 3205 1557 3274 radici
1611 3187 2019 3290 inhaereant,
2078 3206 2372 3276 radicum

88 3320 208 3409 jam
245 3320 574 3412 prohibuit
616 3319 909 3388 formatio
955 3317 1277 3410 (§.150).
1376 3322 1611 3411 Neque
1652 3322 1773 3390 sibi
1812 3322 2054 3412 ubique
2096 3334 2163 3391 et
2202 3344 2370 3389 sem-

100 3457 204 3522 per
257 3446 557 3503 constant
615 3433 734 3502 nisi
787 3433 1181 3502 infirmitates
1226 3459 1309 3503 ex
1360 3437 1735 3506 flexionibus
1777 3434 2069 3504 radicum
2113 3437 2372 3504 hamza-

106 3561 293 3617 tarum
350 3560 422 3617 et
483 3548 951 3636 geminatarum
1010 3560 1340 3617 manantes
1358 3585 1387 3632 ‚-
1448 3552 1687 3642 quippe
1741 3574 1911 3642 quae
1953 3575 1993 3619 e
2047 3551 2374 3620 literarum

109 3663 611 3749 pronunciatione
665 3662 1069 3729 necessariae
1126 3663 1283 3747 sint;
1349 3663 1467 3733 sed
1520 3665 1701 3735 litera
1735 3693 1775 3744 2
1816 3666 1914 3734 vel
1957 3675 2014 3739 εξ
2056 3662 2273 3732 media·
2305 3663 2373 3730 in

112 3775 306 3844 radice
363 3787 518 3845 ante
571 3775 820 3845 literam
878 3788 944 3845 et
999 3777 1202 3866 ipsam
1257 3777 1573 3846 infirmam
1631 3780 2007 3861 constituta,
2071 3801 2201 3869 quo
2261 3777 2371 3844 fir-

115 3889 250 3958 mior
304 3894 423 3962 fiat
475 3890 666 3958 flexio
728 3889 1038 3982 radixque
1078 3891 1358 3981 plenior,
1421 3893 1609 3960 facile
1647 3893 1714 3959 in
1758 3891 2199 3962 semivocalem
2241 3890 2375 3959 abit

123 4005 392 4073 continuo
451 4005 516 4072 in
574 4006 746 4072 omni
803 4007 1078 4073 flexione
1117 4015 1483 4104 manentem
1528 4007 1645 4074 nisi
1685 4008 1799 4075 ubi
1842 4007 2024 4095 leges
2070 4026 2376 4071 sonorum

123 4128 307 4189 vetant
345 4142 662 4188 summae.

265 4233 323 4298 1.
366 4233 438 4300 Si
483 4233 660 4300 circa
700 4228 977 4298 mediam
1018 4229 1363 4300 radicalem
1412 4233 1661 4307 firmam
1701 4244 1767 4301 et
1805 4234 2011 4324 prima
2066 4245 2133 4301 et
2190 4231 2379 4302 tertia
2399 4254 2508 4308 44⁰

0 4271 4 4388 l
126 4355 245 4413 sunt
279 4345 603 4428 infirmae,
649 4357 926 4434 utraque
966 4367 1116 4414 suas
1158 4345 1332 4416 subit
1376 4346 1770 4416 infirmitates
1809 4370 1929 4434 per
1970 4371 2045 4417 se
2088 4346 2376 4429 usitatas,
