2675 4692
16 214 19 259 ι

16 262 19 443 i
809 338 926 409 De
992 338 1565 409 consonantibus.
2231 350 2328 422 25

16 474 19 595 i
76 523 266 612 paucis
322 533 577 591 tantum
628 520 822 589 literis
865 544 1091 590 sonum
1134 544 1320 590 suum
1363 520 1787 608 asperiorem,
1856 534 1929 592 ut
1968 525 2054 592 fit
2082 535 2330 613 tempo-

75 639 144 703 ris
190 659 579 725 progressu,
646 635 1134 718 emollientibus3
1204 634 1321 704 sed
1380 633 1743 723 diligentior
1786 638 1974 705 ctiam
2018 639 2332 706 subtilior-

76 775 185 840 que
232 750 307 819 iis
351 751 658 819 subnasci
702 750 917 840 coepit
955 748 1394 839 pronunciatio
1435 748 1629 816 literis
1673 751 2052 838 quibusdam
2094 751 2179 818 ad
2221 777 2332 819 vo·-

16 940 17 959 3
76 888 167 933 ces
201 889 431 934 sensus
477 865 707 933 diversi
750 862 1232 950 distinguendas
1269 863 1512 931 mollius
1543 864 1907 951 asperiusve
1948 867 2330 953 pronuncia-

16 968 19 1073 ζ
74 979 169 1059 fis,
224 991 336 1047 aut
375 978 914 1069 pronunciatione
957 976 1260 1066 peculiari
1300 976 1669 1045 accedente.
1753 977 2005 1064 Estque
2046 980 2330 1046 Arabum

74 1094 491 1181 pronunciatio
535 1094 814 1159 omnium
834 1142 853 1173 ‚
897 1114 1064 1181 qnae
1105 1090 1428 1158 semiticae
1471 1092 1682 1180 stirpis
1727 1101 1906 1172 sunt,
1965 1090 2334 1179 linguarum

16 1282 19 1287 ⁵
75 1209 317 1275 maxime
378 1208 663 1288 subtilis,
729 1205 946 1288 fortis,
1004 1202 1273 1292 diligens
1318 1215 1386 1272 et
1438 1203 1765 1287 distincta,
1844 1227 2207 1294 quanquam
2266 1206 2332 1272 ἰιι

16 1338 19 1403 g
76 1322 239 1410 vulgo
281 1321 725 1412 negligentior
773 1318 1118 1408 duniorque
1164 1328 1229 1386 et
1268 1318 1561 1409 syriacae
1602 1318 1859 1387 similior
1886 1329 2021 1386 tum
2060 1319 2331 1408 antiqui-

16 1466 17 1497 ς
77 1444 155 1498 tus
214 1434 332 1502 suit
388 1447 528 1502 tum
582 1435 775 1502 hodie
831 1432 1210 1523 praesertim
1257 1431 1431 1499 facta
1469 1442 1584 1500 est.
1700 1430 1980 1500 Similem
2021 1431 2332 1500 vocalium

16 1534 19 1605 Ϊ
73 1546 357 1614 rationem
400 1573 461 1614 v.
503 1547 568 1639 §-
611 1551 699 1617 69
742 1572 880 1640 sqq.

16 1840 19 1849 ,
216 1768 518 1844 Quarum
576 1777 649 1835 ut
702 1769 864 1835 ratio
904 1767 1068 1836 inter
1112 1793 1185 1836 se
1226 1780 1446 1839 mutua
1491 1780 1556 1837 et
1594 1761 2031 1859 plonunciatio
2087 1767 2336 1835 diversa
2382 1785 2452 1834 44

16 1878 470 1958 observetur,
528 1881 762 1949 classes
823 1893 959 1949 tum
1012 1883 1077 1949 in
1116 1884 1475 1951 universum
1526 1896 1662 1951 tum
1702 1884 1765 1950 in
1809 1884 2072 1972 singulis
2116 1883 2335 1951 distin-

83 1997 351 2083 guendae
410 2009 593 2078 sunt;
532 1968 857 2085 *qualis
917 1994 1212 2064 classium
1253 1997 1571 2065 distinctio
1613 1997 2066 2087 literarumque
2109 1998 2336 2064 valoris

16 2140 19 2169 2
84 2122 133 2176 et
179 2122 448 2178 naturae
509 2110 870 2176 observatio
926 2109 1196 2199 diligens
1249 2134 1369 2200 per
1427 2124 1630 2179 totam
1690 2112 2038 2178 formarum
2099 2108 2336 2179 doctri-

16 2192 19 2283 ἶ
79 2246 200 2290 nam
232 2225 551 2314 plurimae
584 2235 684 2290 est
723 2223 945 2311 frugis.
1030 2226 1392 2313 Potestque
1431 2224 1496 2290 in
1540 2225 1898 2328 universum
1938 2222 2200 2310 duplex
2242 2224 2336 2289 in-

78 2336 221 2403 stitui
261 2339 598 2406 literarum
631 2338 908 2406 omnium
956 2336 1333 2406 distributio.
1418 2338 1588 2405 Nam
1627 2339 1929 2427 primum,
1975 2361 2104 2428 quo
2141 2361 2334 2439 orga-
2393 2364 2438 2403 τι
2469 2398 2476 2411 ,

16 2456 17 2479 ¹
78 2471 277 2517 norum
332 2451 564 2518 habitu
611 2461 679 2517 et
736 2449 1146 2539 dispositione
1199 2451 1422 2519 literae
1479 2452 1890 2543 proferantur
1929 2476 2062 2542 seq
2052 2475 2129 2517 le
2172 2452 2339 2519 inter

77 2540 267 2631 sult-
233 2564 367 2633 sive
430 2564 763 2631 viciniores
821 2566 951 2633 sive
1006 2564 1423 2647 diversiores‚
1479 2568 1755 2657 spectari
1796 2578 2043 2657 potest;
2105 2589 2233 2655 qua
2273 2567 2336 2631 in

77 2697 137 2740 re
171 2678 328 2744 ordo
373 2679 471 2746 sic
515 2681 752 2767 optime
804 2678 873 2772 ¹)
920 2682 1296 2761 instituitur,
1356 2694 1431 2749 ut
1471 2683 1552 2747 ab
1597 2693 1879 2749 extremo
1919 2678 2104 2759 inde,
2166 2678 2339 2745 unde
2397 2717 2402 2721 -

79 2786 477 2861 consonantes
538 2792 929 2882 procedant,
985 2808 1250 2883 gutture
1306 2794 1392 2861 ad
1445 2794 1612 2861 labia
1650 2817 1854 2884 usque
1895 2794 2118 2861 literae
2159 2791 2336 2858 dein-

80 2928 207 2995 ceps
266 2920 742 2976 enumerentur.
853 2907 991 2974 Sed
1044 2911 1125 2975 ab
1185 2910 1385 2979 altera
1427 2922 1610 2998 parte
1645 2910 1867 2979 literae
1907 2906 1968 2971 vi
2009 2926 2138 2994 qua
2181 2908 2335 2975 effc-
2415 2908 2446 2957 ³·

77 3033 280 3091 matur
359 3034 426 3092 et
494 3021 757 3118 2¹95&
786 3021 1074 3093 diversae
1133 3033 1310 3103 sunt,
1380 3022 1542 3091 aliae
1607 3020 1928 3091 vocalibus
1983 3020 2337 3109 propiores,

80 3132 458 3215 diffluentes,
512 3134 785 3231 leniores
847 3148 915 3202 et
962 3134 1401 3203 imbecilliores
1419 3186 1439 3216 ,
1498 3136 1658 3205 aliae
1700 3135 2118 3242 fimioresft
2159 3133 2336 3221 quasi

82 3246 429 3339 densiores;
471 3248 635 3315 aliae
677 3249 1024 3337 spirantes,
1072 3248 1231 3317 aliae
1274 3248 1635 3335 sibilantes,
1681 3246 1841 3315 aliae
1879 3261 2131 3343 mutae,
2178 3247 2339 3314 aliae

82 3385 197 3428 sum
254 3364 474 3461 spiritu
486 3360 617 3461 vel
665 3358 842 3428 sibilo
889 3361 1166 3429 admixto
1210 3362 1517 3451 prolatae.
1628 3364 2008 3451 Quanquam
2053 3362 2226 3429 valor
2265 3360 2336 3427 li-

84 3486 339 3544 toearum
370 3452 539 3544 ἐὺ-
506 3498 911 3565 organorum
948 3475 1131 3547 simul
1150 3473 1583 3567 dispositione
1622 3475 1882 3566 pendet.
1987 3476 2337 3563 Utriusque

84 3588 294 3657 ordinis
381 3615 421 3657 e
502 3589 852 3677 generibus
924 3612 1135 3655 vanae
1216 3601 1564 3656 nascuntur
1637 3590 1903 3678 species.
2044 3590 2335 3665 Quorum

86 3704 337 3773 omnium
395 3703 697 3795 deinceps
756 3700 1322 3773 describendorum
1380 3715 1795 3796 conspectum
1854 3704 2016 3773 haec
2075 3703 2339 3771 exhibet

85 3818 311 3886 tabula:

158 4121 218 4189 1)
275 4123 331 4176 id
378 4124 490 4189 jam
536 4125 665 4175 miro
715 4123 1167 4191 grammaticorum
1210 4121 1532 4175 arabicorum
1582 4128 1638 4174 et
1682 4119 2046 4175 ”meritorum
2082 4134 2335 4172 consensu

273 4223 531 4293 probatur.
