2675 4692
847 174 964 245 De
1008 178 1681 273 praepositionibus.
2306 192 2402 269 91

507 372 596 406 ω»
569 358 679 405 »οἱ
682 358 713 405 ε

140 429 432 497 familiari
494 406 717 526 fga-sl
773 427 1144 494 vidistisne
1202 424 1390 492 vobis
1451 425 1484 492 ’ἰ
1560 427 1708 494 Sur.
1754 431 1831 509 6,
1872 430 1976 499 39.
2028 433 2109 518 l)
2174 443 2319 502 et·
2282 404 2411 491 6¹5>

140 542 423 609 continui
465 563 622 610 usus
662 538 727 630 §.
756 540 905 607 455.

313 732 431 798 ΠΙ.
468 731 765 821 Denique
790 731 916 819 qua
930 729 1177 797 ratione
1200 728 1700 818 praepositiones
1726 752 1990 799 casuum
2024 731 2227 820 vicem
2258 756 2410 824 sup·
2439 746 2549 799 598

137 844 322 933 plere
362 844 621 933 possint,
661 843 946 933 pluribus
986 839 1331 908 dicendum
1368 853 1487 910 est.
1570 842 1742 910 Nam
1782 842 1956 911 haud
1994 865 2145 912 raro
2166 868 2404 918 causae

137 956 418 1039 adsunt,
460 979 630 1046 quae
671 979 936 1025 casuum
990 976 1180 1023 usum
1222 964 1336 1023 aut
1374 976 1636 1043 prorsus
1678 966 1895 1026 vetant
1935 969 2047 1027 aut
2086 959 2291 1028 omitti
2331 961 2418 1029 si·-

139 1080 324 1138 nunt.
430 1069 559 1136 Ubi
601 1092 753 1137 vero
798 1079 977 1138 areta
1024 1090 1212 1134 casus
1255 1067 1492 1158 obliqui
1525 1068 1834 1159 junctura
1875 1069 2174 1153 mittitur,
2222 1093 2408 1162 prae·

142 1183 462 1274 positione
507 1207 670 1275 opus
713 1194 831 1252 est.
945 1181 1038 1249 Et
1079 1179 1372 1270 proxima
1412 1178 1668 1269 quidem
1687 1231 1707 1263 ,
1774 1204 1943 1270 quae
1985 1203 2215 1252 nexum
2260 1208 2412 1276 sup-

139 1322 356 1413 pleat,
418 1323 805 1416 praepositio
867 1330 968 1389 est
1030 1308 1116 1439 ἐ,
1170 1320 1351 1411 eujus
1396 1320 1572 1387 notio
1620 1319 1898 1391 dativum
1942 1322 2101 1408 fert;
2165 1322 2411 1394 dativus

141 1481 315 1548 enim
372 1503 491 1573 per
554 1506 630 1552 se
683 1493 831 1572 post
886 1505 1073 1549 casus
1115 1478 1403 1568 obliquos
1445 1479 1769 1570 proximos
1792 1529 1813 1563 ,
1872 1481 2301 1551 accusativum
2345 1497 2413 1554 et

142 1594 533 1682 genitivum,
605 1596 975 1666 relationem
1031 1593 1298 1661 denotat
1350 1590 1657 1681 deinceps
1698 1592 2080 1682 proximam:
2159 1597 2224 1663 in
2269 1621 2413 1668 ara-

144 1735 296 1802 bica
331 1733 550 1824 ungue.
593 1737 679 1804 illi
720 1759 951 1806 nexum
995 1733 1263 1803 nominis
1305 1732 1579 1826 subjecti
1620 1744 1866 1803 aretum
1909 1744 1976 1802 et
1993 1734 2330 1821 internum,
2373 1730 2413 1808 A

127 1848 452 1950 ‘laxiorem
496 1850 754 1940 quidem
796 1860 864 1919 et
904 1848 1351 1922 remotiorem,
1391 1844 1511 1914 sed
1556 1844 1671 1914 illis
1713 1867 1933 1916 rursus
1971 1849 2137 1916 iuter
2174 1851 2406 1922 similes

145 1986 373 2031 omnes
419 1976 714 2034 externos
757 1963 1114 2055 proximum
1155 1958 1536 2050 suppeditat.
1644 1960 1880 2029 Rarius
1943 1960 2106 2032 aliae
2143 1986 2413 2057 praepo·

146 2077 412 2145 sitiones
453 2079 729 2168 aptiores
771 2077 1083 2145 videntur.
1171 2071 1447 2162 Singula
1487 2084 1636 2141 sunt
1676 2074 1955 2142 haecce:

323 2219 384 2285 1.
427 2217 853 2286 Accu-sativo
897 2241 942 2285 a
983 2216 1179 2284 verbo
1225 2215 1432 2284 activo
1483 2214 1806 2306 pendente
1843 2216 2048 2283 rarius
2089 2226 2332 2289 tantum
2372 2208 2413 2288 ὃ

158 2333 606 2416 substituitur,
667 2355 813 2401 cum
871 2330 1307 2410 aecusativus,
1380 2350 1763 2418 quoeunque
1803 2327 1947 2397 loeo
1987 2343 2293 2421 ponatur,
2350 2337 2412 2402 in

147 2448 473 2515 arabismo
536 2470 577 2514 e
640 2448 845 2514 forma
905 2447 1023 2513 sua
1076 2441 1392 2531 dilucidus
1453 2442 1537 2510 sit
1589 2453 1658 2512 et
1714 2464 1833 2531 per
1873 2468 1947 2512 se
1984 2448 2186 2536 possit
2224 2459 2418 2516 stare.

147 2562 630 2651 Nonnunquam
688 2572 903 2629 tamen
925 2608 946 2641 ,
971 2573 978 2594 ²
1004 2558 1058 2625 si
1119 2567 1349 2625 eontra
1405 2576 1648 2623 morem
1693 2559 2092 2627 aecusativus
2144 2584 2414 2654 praepo·

148 2691 406 2760 nendus
470 2703 600 2775 est,
660 2702 733 2760 ut
763 2691 1065 2783 junctura
1107 2687 1334 2756 fortius
1379 2698 1671 2773 notetur,
1714 2701 2012 2760 externus
2057 2715 2178 2782 per
2220 2684 2259 2763 d
2302 2718 2415 2763 ne-

921 2822 956 2848 a
992 2818 1081 2853 »ο
1100 2818 1133 2843 e·
1200 2809 1298 2852 ‘Aa
1408 2818 1502 2852 ωο
1522 2821 1552 2854 ³
1614 2821 1647 2854 υ

148 2902 276 2949 xus
330 2880 703 2963 instituitur,
777 2892 851 2950 ut
906 2873 1132 2970 &9193
1186 2862 1351 2968 ἈΗΒ
1397 2860 1662 2975 με,
1624 2861 1685 2930 ‘l
1738 2878 1805 2944 si
1861 2879 2029 2947 estis
2082 2881 2417 2950 visionem

150 3009 590 3099 explicantes
629 3011 778 3078 Sur.
816 3010 936 3089 12,
970 3006 1076 3074 43.
1102 3015 1169 3072 et
1191 3003 1394 3078 simile
1430 2971 1735 3079 Izzeddin
1762 3034 1911 3079 aves
1933 3022 2000 3078 et
2028 3011 2092 3078 fl.
2133 3033 2194 3100 p.
2211 3011 2318 3097 34,
2343 3015 2404 3080 9.

325 3202 388 3267 2.
429 3199 971 3290 Frequentissime
1005 3203 1326 3291 genitivo
1363 3200 1745 3291 praepositio
1767 3200 2181 3269 substituitur.
2245 3202 2415 3273 Nam
2444 3197 2554 3282 soo'

150 3337 306 3384 eum
374 3315 691 3402 genitivus
742 3336 1007 3404 prorsus
1063 3339 1102 3383 a
1157 3327 1327 3385 statu
1369 3325 1738 3383 constructo
1779 3312 2091 3404 pendeat,
2155 3315 2208 3383 si
2251 3317 2418 3385 forte

147 3429 264 3498 hio
318 3440 431 3498 aut
493 3428 646 3496 ferri
702 3441 982 3519 nequeat
1033 3441 1147 3498 aut
1209 3455 1249 3499 a
1304 3428 1606 3517 loquente
1666 3426 1935 3495 omissus
1989 3428 2105 3512 sit,
2166 3451 2417 3523 semper

151 3554 424 3611 externo
467 3543 949 3631 praepositionis
989 3542 1236 3610 vinculo
1282 3564 1446 3631 opus
1486 3551 1602 3609 est.
1686 3540 1798 3608 Fit
1834 3552 2047 3609 autem
2088 3541 2160 3610 id

325 3677 407 3768 1)
450 3681 845 3763 necessario,
887 3682 941 3749 si
984 3680 1480 3762 substantivum,
1520 3677 1694 3768 quod
1731 3678 1796 3745 in
1837 3691 2008 3748 statu
2046 3692 2414 3751 constructo

152 3804 307 3862 ante
362 3814 598 3859 nomen
666 3793 997 3863 definitum
1053 3797 1329 3885 positum
1393 3804 1459 3862 et
1513 3793 1719 3882 ipsum
1778 3791 2107 3866 definitum
2177 3795 2415 3864 factum

286 4016 350 4086 1)
390 4016 633 4087 proprie·
688 4017 941 4072 vidistine
977 4039 1042 4071 νο
1014 4016 1123 4071 obis
1164 4018 1196 4071 '3
1248 4018 1407 4072 celeri
1441 4033 1475 4070 a
1508 4018 1753 4118 singulari
1789 4017 1855 4070 ad
1892 4017 2142 4084 pluralem
2180 4018 2414 4084 transitu,

385 4131 504 4168 eum
557 4132 590 4169 e
636 4133 794 4173 sensu
844 4126 902 4172 et
951 4120 1040 4172 ille
1085 4124 1140 4171 et
1174 4115 1255 4171 hie
1288 4119 1408 4173 ferri
1445 4119 1623 4188 possit.
1716 4118 1798 4172 Cf.
1837 4082 2007 4163 0:³5
2044 4108 2222 4165 ’ἾΞὮ
2257 4116 2413 4171 meh.

386 4209 451 4271 l,
488 4210 574 4260 ll.
