2675 4692
580 182 697 254 De
747 181 1259 256 enunciatione
1308 182 1793 256 conditionali.
2155 197 2308 269 303

0 376 137 433 stas
189 364 349 456 ejus
389 386 650 455 semper
691 375 791 432 est
831 387 953 456 per
994 388 1069 435 se
1125 365 1314 434 unica
1369 377 1832 458 constansque,
1898 364 2019 437 sed
2062 390 2102 435 e
2146 378 2308 437 tem-

0 479 232 567 poris,
329 479 394 545 in
477 504 607 570 quo
681 480 991 568 cogitatio
1075 491 1398 563 versatur,
1489 480 1740 550 ratione
1806 481 2014 564 varia,
2102 505 2309 571 quan-

0 614 212 681 quam
283 614 546 682 semper
586 616 626 661 e
669 606 974 663 contextu
1016 593 1170 664 satis
1211 592 1506 663 dilucida.
1608 593 1715 663 De
1756 605 2095 685 praesente
2145 620 2203 665 v.
2246 619 2307 668 c.

0 724 231 846 [st-all
281 720 525 883 1:53⁹*
474 800 560 874 Γ·
542 736 704 836 lg!
764 769 995 857 losu-
1061 724 1325 868 “‚pffl
1387 794 1698 872 surgunt
1760 782 2174 863 adorantes,
2242 784 2310 848 si

0 985 301 1052 transit
335 985 632 1077 (proprie
655 984 777 1054 ubi
800 986 1212 1077 transierit)
1232 986 1620 1076 propheta3
1661 932 1943 1082 &ui-⁹342
1990 972 2176 1077 *33512
2221 974 2336 1123 ’δὲ

2 1120 132 1289 ςζεῗ
184 1133 349 1269 §.J
390 1147 459 1248 §l
514 1141 726 1298 {1305
777 1134 964 1296 ιξΞῖ-’Ξ
1018 1181 1067 1248 δ’
1119 1189 1243 1260 ubi
1282 1191 1653 1283 reliqueris
1711 1191 1808 1262 vel
1858 1194 1926 1261 si
1965 1191 2309 1283 relinquis

0 1300 404 1440 ἵΓι-ἰροῖἰη,
431 1285 607 1417 ⁸mm
651 1351 982 1441 pervenis
1035 1349 1136 1416 ad
1192 1348 1432 1418 urbem
1472 1352 1621 1419 nisi
1647 1364 1814 1442 post
1855 1350 2006 1418 dies
2048 1350 2308 1441 aliquot.

3 1460 113 1528 De
157 1464 528 1553 praeterito
587 1475 771 1556 patet
827 1464 1096 1531 formam
1150 1462 1320 1531 banc
1364 1462 1619 1532 dicendi
1673 1488 1803 1532 non
1844 1487 2038 1556 posse
2078 1487 2308 1532 occur-

7 1596 199 1653 rere,
245 1577 377 1644 nisi
419 1577 529 1644 ubi
570 1578 656 1645 de
696 1588 868 1647 statu
889 1627 909 1661 ‚
970 1575 1440 1645 conditionibus
1484 1578 1582 1645 vel
1623 1578 1908 1646 moribus
1928 1628 1948 1660 ,
1996 1577 2107 1666 qui
2147 1588 2308 1646 tem-

7 1711 173 1778 pore
239 1692 600 1779 praeterito
650 1690 919 1774 fuerint,
996 1691 1201 1760 oratio
1260 1692 1418 1782 agit.
1536 1692 1734 1783 Isque
1795 1714 1951 1759 usus
2006 1690 2310 1759 latissime

10 1815 294 1890 regnat,
353 1828 414 1870 v.
456 1801 521 1894 §.
564 1828 661 1894 sq.
762 1806 1071 1873 Ceterum
1113 1814 1267 1895 post
1308 1820 1393 1886 138
1415 1871 1441 1911 3
1510 1804 1606 1874 uti
1647 1805 1712 1872 in
1754 1804 2047 1871 omnibus
2088 1801 2311 1893 hujus-

17 1914 192 1982 modi
257 1914 592 1999 thesibus,
660 1918 1019 2007 perfectum
1077 1942 1159 1985 ex
1202 1915 1329 1985 bac
1371 1917 1429 1985 vi
1470 1940 1589 2007 per
1630 1916 1812 2008 plura
1851 1916 2050 1984 verba
2106 1915 2309 1984 conti-

16 2027 200 2095 nuari
262 2038 524 2118 potest,
603 2026 816 2098 donec
868 2010 1039 2099 forte
1094 2029 1616 2120 impedimentum
1689 2027 1943 2120 aliquod
2005 2028 2308 2107 orationis

20 2141 255 2209 seriem
325 2139 728 2232 aequabilem
776 2141 868 2211 ita
918 2141 1240 2226 inhibeat,
1312 2155 1387 2213 ut
1428 2141 1692 2233 simplex
1734 2145 2000 2211 verbum
2039 2143 2308 2226 finitum,

20 2253 85 2321 id
123 2276 286 2324 vero
333 2269 437 2326 est
476 2254 957 2347 imperfectum,
997 2256 1406 2339 restituatur,
1449 2256 1535 2325 cf.
1574 2256 1732 2353 Sur.
1760 2257 1868 2340 69,
1914 2256 2140 2325 13-18.

186 2476 345 2544 Jam
404 2475 686 2566 quamvis
730 2484 812 2557 53!
865 2497 991 2542 nou
1039 2475 1469 2544 conditionem
1514 2497 1633 2564 per
1679 2497 1754 2543 se
1792 2486 2027 2567 ponat,
2095 2484 2309 2544 tamen
2343 2502 2447 2555 ‘ml

27 2607 167 2654 cum
234 2612 277 2657 e
339 2601 556 2658 mente
612 2587 927 2678 loquentis
987 2587 1122 2655 sola
1178 2599 1430 2680 tempus
1480 2587 1742 2659 definiat
1781 2611 2050 2679 remque
2089 2590 2311 2658 condi·

32 2743 308 2816 tionibus
377 2747 708 2838 subjiciat,
796 2745 1087 2837 proxime
1154 2744 1241 2814 ad
1314 2744 1758 2816 conditionalis
1812 2747 2162 2839 particulae
2227 2694 2312 2830 El

34 2921 417 2982 structuram
476 2914 733 3002 vimque
787 2912 1043 2983 accedit
1092 2911 1180 3002 1).
1295 2909 1471 2979 Nam
1527 2909 1581 2978 si
1641 2911 1932 3000 protasin
1988 2843 2312 2999 quaudan:

36 3023 316 3096 efficiens
359 3026 728 3117 praecedit,
768 3025 836 3092 id
879 3024 1055 3115 quod
1101 3024 1610 3115 frequentissime
1650 3023 1758 3106 fit,
1801 3023 2314 3092 enunciationem

39 3156 291 3227 quoque
357 3150 732 3229 sequentem
788 3151 862 3208 ut
917 3137 1229 3228 apodosiu
1286 3139 1406 3207 sibi
1449 3137 1772 3227 subjicere
1813 3134 2066 3220 studet3
2138 3137 2313 3204 uude

41 3246 409 3343 plerumque
449 3253 812 3342 perfectum
854 3253 920 3319 in
964 3250 1236 3342 apodosi
1279 3249 1506 3320 sedem
1545 3249 1778 3331 babet,
1837 3270 2049 3339 neque
2087 3250 2176 3317 ibi
2214 3250 2311 3317 in-

42 3370 232 3433 terest
298 3364 388 3433 de
441 3366 613 3456 quali
652 3378 946 3457 tempore
992 3378 1251 3456 agatur.
1333 3366 1427 3435 Et
1476 3365 1529 3433 si
1576 3365 1745 3433 sorte
1785 3363 1992 3433 oratio
2032 3362 2184 3433 inde
2225 3367 2311 3433 ab

46 3473 306 3561 epodo-i
346 3477 601 3569 lougius
642 3477 1035 3562 deducatur,
1083 3480 1444 3571 perfectum
1485 3500 1693 3567 usque
1734 3477 2090 3546 continuari
2125 3479 2313 3562 solet,

50 3582 249 3656 donec
304 3604 417 3661 aut
474 3604 799 3662 structura
843 3614 1103 3682 prorsus
1152 3602 1472 3673 mutetur,
1531 3601 1604 3659 ut
1646 3590 1699 3657 si
1742 3591 2005 3658 verbum
2045 3604 2311 3682 postpo-

49 3696 243 3784 nitur,
300 3715 415 3773 aut
454 3706 768 3773 sententia
807 3728 970 3772 nova
1012 3694 1357 3789 ordiatur}
1400 3700 1576 3770 uude
1615 3703 1888 3792 perfecti
1930 3705 1998 3772 in
2038 3706 2341 3794 apodosi.

53 3809 136 3878 vis
176 3837 323 3885 mox
368 3841 494 3886 uno
539 3822 735 3888 verbo
779 3820 1143 3902 absolvitur,
1182 3842 1331 3886 mox
1372 3840 1491 3908 per
1532 3815 1684 3899 duo,
1730 3816 1855 3885 tria
1894 3818 1992 3886 vel
2035 3832 2311 3908 quatuor

164 4057 219 4123 l)
256 4046 345 4123 U
381 4062 520 4127 quod
571 4079 666 4131 pro
705 4053 786 4124 151
827 4065 951 4134 poni
1003 4062 1209 4117 videtur
1254 4064 1378 4116 Sur.
1418 4066 1506 4127 lo,
1544 4066 1643 4128 13,
1690 4061 1859 4128 magis
1895 4066 2067 4114 tamen
2102 4067 2308 4130 tempus

265 4152 484 4223 simplex
532 4153 863 4229 (postquam
913 4171 1034 4210 eum
1083 4152 1463 4211 liberavimus,
1511 4149 1678 4221 abiit)
1726 4167 1919 4222 ponere
1954 4159 2113 4222 puto,
2160 4160 2307 4207 cete-

266 4256 378 4299 rum
413 4248 671 4299 structura
705 4244 843 4300 baud
877 4245 1093 4300 mutata·
