2675 4692
542 303 657 373 De
701 325 966 397 genere
1009 312 1083 372 et
1123 322 1431 372 numero
1480 305 1880 376 nominum.
2190 320 2334 391 181

127 486 447 552 structionis.
543 484 677 552 Sed
728 484 795 550 in
838 483 1197 549 universum
1241 507 1432 551 voces
1475 484 1839 552 collectivae
1883 485 2193 571 feminini,
2254 487 2339 555 ad

123 597 257 686 quod
296 620 407 686 per
448 620 519 665 se
556 598 691 687 jam
735 620 924 664 sensu
969 620 1085 665 suo
1128 598 1482 686 pertinent,
1528 600 1786 686 generis
1838 601 2339 671 terminationem

120 713 278 779 rarius
315 712 577 793 babent3
630 712 694 777 in
735 710 1042 777 nonnullis
1084 721 1299 777 tamen
1343 711 1558 777 formis
1607 736 1686 778 eo
1730 713 2123 803 frequentior
2166 718 2338 786 facta

120 837 191 891 est
235 835 293 891 et
342 823 424 890 ad
477 825 671 913 ipsius
719 824 945 912 stirpis
1003 824 1305 891 ambitum
1364 834 1430 891 et
1492 825 1611 891 vim
1654 830 2030 897 necessaria.
2142 831 2335 899 Unde

118 961 240 1005 nova
276 938 470 1005 oritur
514 938 981 1006 collectivorum
1023 937 1225 1026 copia.
1301 940 1529 1027 ‚Atque
1573 950 1639 1005 et
1680 951 1937 1008 ceterae
1981 942 2331 1012 collectivo-

115 1073 221 1117 rum
269 1052 503 1119 formae
554 1052 860 1142 plurimae
909 1062 1238 1118 externum
1275 1052 1560 1120 habitum
1604 1053 1697 1120 sic
1740 1068 2177 1144 comparatum
2219 1058 2333 1126 ha-

115 1166 258 1245 bent,
327 1178 396 1234 ut
449 1168 785 1234 abstractis
858 1165 1200 1233 simillimae
1266 1164 1637 1249 videantur3
1708 1167 2025 1257 quaedam
2084 1194 2163 1240 ex
2222 1174 2335 1240 ab-

116 1290 444 1348 stractorum
487 1303 732 1369 genere
772 1281 913 1368 ipso
960 1278 1277 1346 deductae
1320 1289 1483 1347 sunt.

239 1472 521 1562 Denique
577 1483 674 1540 tot
714 1492 879 1560 quae
920 1473 1095 1538 nasci
1136 1481 1406 1560 possunt
1451 1470 1918 1539 collectivorum
1960 1474 2181 1542 formis
2223 1474 2335 1542 lin-
2355 1498 2464 1549 sos

114 1604 215 1669 gua
244 1585 413 1652 simul
460 1588 551 1653 ita
592 1608 709 1651 usa
765 1595 898 1664 est,
965 1596 1036 1651 ut
1100 1586 1633 1672 significationum
1694 1584 2058 1654 discrimina
2116 1568 2337 1656 distinss

112 1709 369 1782 guantur,
413 1698 737 1785 multaque
779 1697 1031 1763 nomina
1060 1721 1228 1785 quae
1267 1698 1332 1763 in
1376 1698 1541 1785 sing.
1576 1695 1861 1788 ejusdem
1888 1711 2036 1768 sunt
2069 1700 2337 1783 formae,

113 1809 530 1878 collectivorum
557 1811 822 1876 formam
857 1834 974 1900 pro
1023 1809 1268 1877 diversa
1304 1811 1563 1877 notione
1603 1806 1861 1878 varient.
1945 1813 2265 1902 Imprimis
2297 1837 2337 1882 e

112 1925 357 2012 stirpibus
420 1925 815 2012 longioribus
875 1924 1227 2013 peculiares
1283 1922 1660 2011 prodierunt
1717 1922 2022 1991 collectivi
2072 1925 2337 2007 formae,

29 2110 30 2113 Ἴ
111 2047 163 2103 ut
198 2060 231 2103 e
272 2038 594 2105 collectivo
659 2037 866 2126 stirpis
931 2037 1201 2103 formam
1257 2047 1324 2103 et
1383 2036 1861 2124 significationis
1904 2038 2185 2125 speciem
2227 2060 2334 2106 ex-

29 2160 30 2205 4
113 2160 220 2216 acte
273 2151 603 2240 intelligas.
727 2149 969 2217 Multae
1031 2162 1244 2218 tamen
1328 2147 1514 2216 latius
1587 2150 1675 2217 ita
1751 2163 2173 2238 usurpantur,
2263 2162 2337 2219 ut

29 2310 30 2325 ,
111 2260 171 2327 ad
204 2264 439 2331 nomina
483 2260 804 2352 quaedam
846 2261 1056 2328 similis
1102 2285 1324 2329 sensus
1367 2262 1699 2329 transferri
1740 2265 2001 2351 possint.
2120 2262 2332 2330 Adeo-

29 2380 32 2489 ι
111 2397 202 2462 que
266 2378 590 2445 collectiva
652 2375 944 2442 formatio
1013 2373 1307 2463 princeps
1375 2374 1636 2462 longam
1692 2377 1977 2443 vocalem
2049 2378 2334 2446 inserens

29 2532 32 2539 =
110 2491 405 2573 praevalet,
480 2501 558 2557 ut
616 2500 682 2557 et
737 2486 1071 2553 nonnullae
1112 2510 1191 2553 ex
1254 2488 1551 2576 stirpibus
1606 2487 2035 2577 longioribus,
2104 2493 2335 2581 quibus

111 2603 414 2687 peculiares
473 2613 626 2672 sunt
680 2601 818 2699 coll.
877 2601 1161 2681 formae,
1232 2599 1317 2667 ad
1360 2600 1527 2667 illam
1569 2625 1641 2668 se
1684 2603 2076 2672 contulerint.
2192 2602 2338 2678 Qua

112 2715 316 2800 quidem
377 2719 445 2784 in
506 2688 798 2783 libertate
856 2714 1052 2781 multa
1111 2737 1189 2779 ex
1245 2736 1369 2780 usu
1422 2713 1707 2802 pendent
1725 2767 1744 2797 ,
1814 2737 2106 2804 quaeque
2167 2715 2337 2782 vocis

111 2830 384 2918 cujusdam
446 2830 756 2898 collectivi
810 2830 1017 2909 forma
1079 2830 1312 2896 usitata
1379 2827 1494 2908 sit,
1561 2851 1640 2894 ex
1683 2829 1819 2895 viva
1864 2829 2055 2895 simul>
2089 2828 2337 2895 discen-

111 2937 223 3008 dum
258 2956 351 3013 est
387 2944 615 3032 lingua
655 2955 1155 3032 annotatumque
1195 2941 1259 3007 in
1299 2941 1517 3009 lexicis
1540 2942 1916 3031 .reperitur;
1962 2965 2085 3008 nec
2125 2954 2341 3011 tamen
2410 2936 2417 2947 ⁸

112 3056 268 3123 omnia
307 3058 580 3124 confusa
620 3068 686 3125 et
728 3058 793 3123 in
833 3056 1150 3124 licentiam
1192 3078 1374 3122 versa
1422 3054 1549 3121 dici
1587 3067 1873 3144 possunt.
1960 3057 2130 3122 Nam
2172 3081 2342 3146 quae

113 3168 167 3234 sit
211 3170 569 3240 collectivae
626 3167 954 3260 cujusdam
999 3170 1242 3235 formae
1280 3168 1467 3257 origo
1512 3182 1580 3237 et
1620 3170 1709 3237 vis
1746 3169 2074 3259 potissima
2096 3221 2115 3251 ,
2173 3172 2339 3241 bene

117 3283 212 3348 erui
244 3296 490 3374 potest3
547 3284 901 3371 limitesque
941 3305 1221 3350 summos
1273 3304 1482 3371 neque
1524 3306 1681 3350 usus
1721 3283 2209 3372 transgreditur.

233 3476 283 3542 1.
333 3475 718 3544 Collectiva
765 3472 1097 3540 trilitera.
1181 3476 1436 3541 Horum
1483 3474 1668 3565 copia
1711 3475 1974 3570 insignis
2016 3454 2461 3558 radicibusssm‘3
2571 3465 2574 3468 ,

119 3594 305 3656 tantum
370 3601 439 3658 et
497 3586 799 3674 stirpibus
861 3585 1138 3653 triliteris
1209 3600 1360 3677 apta
1433 3600 1571 3667 est,
1646 3600 1719 3655 ut
1777 3600 1891 3657 aut
1932 3612 2011 3656 ex
2059 3589 2337 3679 simplice

119 3762 263 3852 stirpe
311 3763 667 3854 prodeant,
735 3771 811 3829 ut
861 3783 940 3828 ex
1003 3700 1117 3836 ἕξ,
1138 3806 1164 3841 ,
1219 3765 1497 3832 similiter
1554 3790 1632 3833 ex
1698 3706 1814 3838 3⁶⁴3
1868 3780 1990 3836 etc.
1975 3818 2026 3850 .,
2102 3778 2213 3836 aut
2254 3792 2333 3836 ex

120 3966 265 4058 fflrpe
297 3973 425 4039 una
467 3970 669 4037 vocali
708 3966 904 4058 longa
947 3971 1167 4053 aucta,
1236 3982 1311 4039 ut
1352 3995 1431 4039 ex
1478 3961 1610 4041 3⁸³³
1638 4017 1659 4048 ‚
1717 3912 1885 4074 3⁸ss
1940 3984 2054 4041 aut
2097 3997 2176 4040 ex
2220 3974 2333 4040 ad·

116 4094 293 4181 jectivo
331 4104 638 4172 intensivo
680 4101 963 4169 vocalem
1004 4127 1050 4168 a
1097 4103 1524 4194 praepositam
1566 4116 1824 4174 tenente
1864 4103 1968 4195 (ἓ.
1992 4108 2118 4174 251
2162 4106 2333 4195 sq.);

123 4206 210 4277 hae
257 4218 415 4285 enim
480 4241 644 4307 quae
705 4230 1115 4284 accesserunt
1173 4219 1423 4288 vocales
1492 4221 1554 4287 in
1614 4219 1919 4287 collectivi
1962 4220 2336 4287 formatione

123 4324 250 4411 rejici
302 4344 584 4418 possunt.
704 4332 1147 4398 Consonantes
1208 4333 1302 4398 vel
1370 4332 1537 4401 duae
1598 4332 1847 4400 vocales
1888 4334 2124 4421 longae
2163 4334 2337 4423 rejici
