2675 4692
293 297 445 377 266
647 371 669 385 ⁸
933 292 1247 363 Radices
1295 293 1592 365 ultimae
1632 314 1671 383 ’9
1717 306 1792 364 et
1845 316 1940 381 ις.

458 502 565 570 Ex
633 502 731 570 his
773 484 911 593 jam
976 502 1268 570 omnibus
1324 502 1539 570 literas
1593 530 1636 581 9
1688 515 1755 572 et
1812 513 1870 576 s?
1927 501 2467 594 pronunciationis
2511 512 2581 568 et

288 617 580 683 flexionis
654 616 712 682 vi
777 617 1033 705 saepius
1103 639 1295 683 sonos
1340 640 1492 685 suos
1531 617 1800 684 invicem
1848 628 2244 685 commutare
2286 624 2579 703 apparet.

286 731 497 819 Atque
548 729 733 798 latius
775 730 968 797 etiam
1010 728 1173 796 haec
1209 728 1533 797 literarum
1576 731 1803 798 harum
1847 731 2256 799 commutatio
2298 730 2389 796 ita
2434 750 2578 794 ser-

285 844 413 932 pit,
483 851 556 910 ut
610 864 727 932 pro
758 871 795 919 9
839 854 905 909 et
941 853 1000 915 εξ
1064 864 1260 909 unum
1301 853 1357 914 εξ
1424 857 1795 934 usurpetur.
1920 843 2057 913 Sed
2120 844 2185 909 in
2252 841 2578 908 arabismo

286 969 500 1025 tamen
550 956 875 1025 literarum
945 978 1026 1023 ex
1089 957 1337 1043 origine
1395 952 1735 1028 discrimen
1793 957 1947 1026 satis
1992 956 2205 1024 adhuc
2244 958 2579 1043 integrum

286 1084 355 1140 et
416 1071 724 1139 illibatum
781 1083 1105 1153 servatum
1173 1092 1321 1136 nam
1375 1070 1441 1136 in
1483 1072 1618 1139 tota
1657 1071 1833 1139 verbi
1877 1083 1943 1140 et
1986 1071 2252 1137 nominis
2294 1069 2579 1135 flexione

283 1184 407 1250 levi
441 1214 479 1263 9
523 1207 777 1274 semper
821 1185 958 1251 fere
1008 1184 1079 1271 ¹)
1135 1208 1175 1250 a
1222 1185 1480 1272 gemino
1520 1196 1577 1257 εξ
1619 1196 1937 1251 secretum
1983 1185 2302 1264 cernitur,
2366 1205 2577 1271 quan-

286 1316 477 1387 quam
539 1299 604 1364 in
662 1298 972 1365 nonnullis
1031 1298 1251 1367 formis
1329 1298 1562 1389 duplex
1637 1298 1843 1366 forma
1884 1299 1949 1364 in
1990 1322 2183 1366 unam
2224 1297 2575 1387 simplicem

283 1412 374 1480 ita
416 1411 679 1479 redacta
717 1423 854 1495 est,
914 1422 987 1479 ut
1031 1412 1326 1479 formatio
1372 1434 1487 1502 per
1526 1424 1583 1485 εξ
1622 1412 2066 1503 praevaluerit.
2148 1414 2227 1479 In
2254 1413 2576 1500 scriptura

286 1526 568 1594 similiter
625 1547 819 1593 sonus
877 1528 917 1591 a
975 1549 1056 1592 ex
1097 1561 1142 1607 ,ρ
1202 1538 1380 1593 ortus
1440 1548 1568 1592 non
1627 1526 2000 1616 exprimitur
2053 1549 2173 1616 per
2217 1515 2271 1603 l,
2344 1526 2463 1592 nisi
2506 1525 2571 1591 in

284 1640 587 1727 stirpibus
648 1640 825 1705 verbi
888 1639 1183 1730 simplicis
1242 1639 1402 1728 perf.
1447 1652 1514 1707 et
1557 1640 1878 1705 nominum
1923 1639 2222 1707 similibus
2243 1690 2263 1720 ,
2330 1640 2575 1728 quippe

282 1753 349 1820 in
410 1754 637 1843 quibus
696 1752 913 1819 formis
976 1775 1170 1819 sonus
1211 1752 1560 1841 primitivus
1613 1775 1663 1816 ιι
1706 1753 1981 1819 flexione
2025 1752 2238 1820 adhuc
2279 1766 2573 1821 servatus

2103 1857 2135 1887 0

282 1914 523 2003 est3‘in
569 1914 800 1982 ceteris
845 1911 1065 1981 formis
1106 1935 1367 2002 semper
1412 1923 1471 1986 εξ
1511 1912 1850 1994 scribitur,
1893 1924 1966 1980 ut
2011 1872 2179 2011 (ἐῢξ
2217 1936 2299 1980 ex
2327 1904 2499 1995 st)-

146 2157 260 2206 395
451 2125 576 2192 His
617 2123 1033 2215 praemunitis
1076 2134 1150 2191 ut
1192 2121 1278 2190 ad
1318 2122 1572 2211 singula
1616 2134 2049 2205 transeamus,
2105 2132 2244 2190 tota
2282 2124 2478 2189 flexio
2528 2148 2572 2190 e

280 2241 509 2306 natura
551 2241 667 2306 sua
707 2236 942 2328 duplex
986 2248 1101 2306 est.
1188 2237 1404 2305 Altera
1444 2237 1643 2304 vocali
1686 2238 1860 2303 brevi
1891 2237 2233 2304 radicalem
2278 2238 2569 2306 ultimam

283 2351 750 2444 praecedente,
794 2364 868 2420 ut
912 2353 1078 2418 haec
1118 2351 1324 2418 rarius
1369 2362 1616 2418 tantum
1654 2351 1720 2416 in
1766 2352 2206 2419 semivocalem
2249 2354 2569 2420 transiens

284 2479 606 2549 servetur,
653 2468 716 2533 in
758 2466 1042 2556 plurimis
1084 2476 1308 2533 contra
1354 2465 1569 2533 formis
1607 2466 1689 2533 sit
1730 2468 2107 2549 contractio;
2150 2477 2374 2555 estque
2398 2468 2573 2534 haec

281 2581 473 2648 flexio
539 2582 714 2647 verbi
780 2581 974 2647 totius
1037 2581 1488 2669 nominumque
1545 2580 1836 2669 plurium.
1948 2582 2162 2650 Altera
2216 2582 2355 2648 sine
2407 2605 2571 2649 con-

279 2697 595 2764 tractione
614 2745 634 2775 ‚
700 2693 1131 2784 praecedente
1188 2694 1469 2762 ultimam
1514 2706 1626 2763 aut
1673 2695 1877 2763 vocali
1932 2695 2128 2785 longa
2174 2707 2285 2763 aut
2330 2718 2572 2764 conso-

280 2821 472 2877 nante
511 2808 715 2875 vocali
760 2810 978 2875 vacua.

142 2980 256 3076 aaa
454 3000 512 3066 1.
557 3001 632 3067 In
678 3002 877 3092 stirpe
920 3001 1092 3067 verbi
1145 2998 1429 3090 simplice
1472 2998 1793 3068 flectenda
1841 3022 1968 3065 non
2029 2997 2371 3066 discrimen
2422 3013 2571 3070 tan-

275 3127 412 3184 tum
459 3138 762 3183 sonorum
798 3145 829 3194 9
874 3126 942 3183 et
978 3126 1035 3189 εξ
1070 3128 1388 3194 servatur,
1459 3113 1576 3180 sed
1630 3136 1849 3179 omnes
1901 3113 2092 3179 etiam
2144 3116 2401 3202 generis
2457 3141 2575 3184 va-

272 3305 550 3372 rietates,
637 3304 850 3393 Igitur.
879 3302 955 3390 l)
998 3302 1160 3392 perf.
1199 3325 1239 3367 a
1284 3326 1340 3366 v.
1373 3330 1410 3378 9
1448 3259 1551 3351 [ζ’-Ξ
1588 3300 1894 3381 vocavit,
1939 3256 2040 3388 lg}
2075 3301 2569 3391 oppugnavit,-

273 3493 534 3560 intrans.
575 3483 711 3591 (ἐξ)
750 3513 834 3556 ex
871 3478 1003 3588 ,ᾖ
1068 3486 1454 3553 delectatus
1510 3497 1650 3564 est,
1704 3472 1814 3587 ff
1852 3509 1931 3553 ex
1956 3474 2055 3568 ,ix
2079 3486 2353 3555 obviam
2353 3488 2573 3575 fieri,

1297 3664 1323 3695 2
2538 3683 2571 3700 a

279 3685 424 3806 ,ΞΑ-ἑ
462 3749 542 3791 ex
569 3708 710 3803 92>
747 3722 1016 3788 dulcem
1058 3746 1221 3796 esse,
1251 3747 1375 3805 ,χω
1406 3742 1788 3811 generosus
1816 3719 2017 3810 fain
2117 3723 2171 3789 Δ
2220 3744 2273 3791 ι·.
2318 3735 2378 3797 s?
2431 3749 2571 3824 §.⁵⁴⁴⁹

285 3810 375 3828 0·ae

383 4043 446 4111 1)
495 4043 546 4095 in
599 4043 855 4095 nonnullis
914 4042 1078 4108 enim,
1144 4048 1201 4093 ut
1249 4041 1444 4093 Kamus
1494 4055 1653 4110 saepe
1689 4045 1868 4103 notat,
1909 4070 1947 4119 9
1985 4046 2040 4094 et
2078 4055 2135 4119 ff
2170 4044 2457 4113 fluctuant,
2506 4058 2574 4104 ut

502 4156 806 4223 plerumque
847 4186 885 4237 9
934 4157 986 4209 in
1029 4171 1083 4233 §.⁵
1119 4152 1410 4215 transierit3
1462 4151 1598 4204 unde
1636 4151 1833 4205 Kamus
1871 4155 2078 4206 omnino
2113 4155 2292 4208 literas
2328 4156 2423 4212 bas
2458 4176 2568 4216 nou

500 4320 728 4368 secretas
762 4313 986 4369 exhibet.
1060 4316 1141 4369 Ita
1178 4270 1310 4371 [ἐφ’
1346 4320 1397 4366 et
1434 4271 1587 4393 ὦ
1606 4360 1628 4395 ,
1662 4312 1866 4383 imperf.
1896 4259 2080 4402 ,ἃς
2104 4324 2458 4372 veterascere.
