2675 4692
328 314 481 384 340
1256 294 1682 371 Particulae.

328 497 395 554 et
437 483 695 573 gravius
736 479 982 549 addens
1003 529 1023 560 ,
1067 490 1139 549 ut
1179 489 1464 548 nostrum
1508 477 1766 547 nedum
1806 481 2119 573 exprimat
2164 483 2392 553 Loca
2418 485 2462 552 f.
2484 485 2609 570 32;

327 617 540 686 neque
591 596 805 664 omnia
855 615 975 684 pro
1016 593 1276 662 arbitrio
1318 593 1574 661 nomina
1615 594 1767 662 huic
1815 597 1960 665 usui
1995 596 2300 665 inservire
2338 599 2615 667 creden<

327 711 482 778 dum
535 722 650 778 eet.
758 711 947 786 Quae
1007 731 1151 774 cum
1208 718 1385 775 tanta
1430 706 1511 776 sit
1554 707 1836 775 adverbii
1878 733 2035 778 casu
2075 713 2439 780 accusativo
2479 712 2615 780 sor-

329 822 546 892 mandi
625 821 890 890 facilitas
915 869 937 898 ‚
1018 822 1492 891 terminationes
1571 821 1872 889 adverbio
1953 824 2254 913 propriae
2322 835 2617 892 ceterum

328 960 591 1027 prorsus
649 934 881 1003 desunt
931 935 1025 1024 (v.
1080 946 1292 1002 tamen
1335 931 1402 1025 §.
1435 935 1623 1020 475).
1679 973 1766 986 ——
1862 937 2178 1028 Reliquae
2209 959 2370 1004 vero
2409 939 2613 1027 parti-

326 1052 508 1120 culae
555 1073 597 1118 a
637 1049 991 1117 nominibus
1032 1070 1160 1115 non
1202 1047 1526 1116 derivatae
1568 1049 1622 1115 si
1664 1049 1729 1116 in
1764 1051 1894 1126 fine
1935 1051 2137 1120 vocali
2172 1076 2222 1116 a
2260 1052 2617 1122 instructae

325 1178 474 1234 sunt
490 1217 509 1246 ‚
573 1164 815 1232 factum
870 1160 938 1228 id
996 1162 1145 1251 quia
1190 1160 1353 1229 baec
1393 1162 1626 1230 vocalis
1669 1164 1944 1232 omnium
1986 1164 2316 1257 proxima;
2371 1166 2615 1234 multae

323 1280 588 1368 insuper
646 1275 1090 1345 adverbiorum
1149 1275 1554 1343 nominalium
1611 1278 1936 1346 notionem
1974 1279 2319 1348 imitantur.
2424 1280 2609 1348 Aliae

322 1395 502 1484 ipsae
544 1392 761 1460 ultimo
812 1413 853 1456 e
899 1390 1078 1458 fonte
1117 1392 1199 1457 ab
1241 1389 1606 1460 accusativo
1648 1391 1971 1459 nominum
2027 1390 2517 1461 descenderant.

194 1569 303 1621 wa
437 1509 440 1512 Ι
496 1529 783 1600 Nunatio
825 1527 1189 1596 accusativo
1227 1527 1671 1596 adverbiorum
1700 1530 1965 1598 istorum
2002 1532 2408 1600 nominalium
2448 1556 2606 1601 con-

310 1648 538 1739 juncta
588 1665 715 1711 non
758 1654 971 1710 cessat
1013 1641 1129 1708 nisi
1169 1642 1280 1709 ubi
1333 1640 1465 1708 duo
1522 1644 1778 1712 nomina
1842 1645 2063 1713 intimo
2130 1668 2355 1714 sensns
2408 1669 2604 1729 nexu,

324 1753 398 1829 ut
433 1781 632 1826 unum
677 1755 1050 1824 adverbium
1087 1755 1411 1888 egliciant,
1458 1756 1687 1847 juncta
1729 1756 2033 1848 rapidiori
2074 1759 2606 1848 pronunciatione

914 1859 1200 1890 .....

317 1917 716 1997 efferuntur,
781 1925 856 1983 ut
890 1910 1028 1992 ίῳ
1065 1910 1201 1967 ⁴2⁸⁴»
1243 1916 1526 1981 domum
1566 1917 1905 1984 domum
1884 1941 1924 1984 1.
1962 1940 2020 1985 e.
2060 1942 2183 2008 per
2222 1917 2443 1988 omnes
2485 1920 2605 1988 do-

316 2098 492 2157 mon
535 2066 701 2132 ’ἴα-υ·
741 2063 921 2164 εῑυο
964 2096 1173 2142 mane
1220 2095 1497 2164 vespere
1537 2076 1576 2142 i.
1609 2100 1666 2143 e.
1711 2077 1929 2166 quovis
1974 2101 2161 2147 mane
2205 2092 2273 2148 et
2313 2103 2601 2170 vespere.

318 2194 627 2259 Ceterum
670 2214 728 2257 v.
768 2186 832 2278 §-
858 2191 986 2257 475
1028 2212 1168 2277 sqq.

185 2351 295 2403 ιω
487 2329 623 2397 Sed
657 2339 922 2419 praeter
961 2327 1128 2394 haee
1169 2326 1472 2396 adverbia
1514 2327 1635 2396 alia
1676 2341 1826 2398 sunt
1871 2331 2161 2400 breviora
2175 2382 2194 2412 ‚
2266 2335 2598 2424 praeposi-

314 2442 521 2512 tiones
555 2442 974 2532 potissimum
1033 2452 1101 2510 et
1159 2442 1667 2534 conjunctiones,
1739 2463 1906 2533 quae
1948 2467 1988 2511 e
2020 2465 2190 2511 nexu
2230 2459 2299 2513 et
2338 2448 2599 2515 notione

314 2560 431 2625 sua
476 2556 729 2623 brevius
773 2555 1167 2637 efferuntur3
1241 2567 1353 2624 ant
1396 2579 1435 2623 e
1476 2555 1831 2624 nominibus
1872 2557 2129 2646 liuguae
2172 2562 2402 2628 veteris
2449 2563 2601 2629 bre-

265 2657 270 2668 ’
315 2669 577 2737 vissimis
637 2666 735 2734 vel
795 2667 1145 2737 decurtatis
1200 2681 1313 2736 ant
1371 2692 1450 2736 ex
1485 2669 1993 2759 interjectionum
2035 2684 2105 2741 et
2143 2674 2599 2761 pronominum

311 2780 636 2849 radicibus
678 2792 837 2848 orta.

484 2895 545 2962 l.
593 2890 1195 2982 Praepositiones,
1265 2891 1352 2959 de
1406 2916 1676 2983 quarum
1737 2895 1943 2965 forma
2002 2899 2134 2966 sola
2191 2899 2297 2966 hic
2353 2898 2595 2987 agitur,

310 3061 572 3146 praeter
611 3028 691 3113 ὅ
718 3051 784 3144 S.
812 3053 939 3121 481
987 3074 1208 3121 omnes
1272 3074 1355 3118 ex
1396 3052 1649 3141 origine
1691 3056 1920 3146 stirpes
1963 3066 2113 3125 sunt
2150 3055 2275 3122 loci
2315 3058 2601 3126 rationes

311 3170 515 3238 varias
571 3178 903 3247 notantes,
989 3166 1312 3233 nominum
1371 3178 1438 3234 et
1500 3167 1736 3236 notioni
1798 3182 1867 3237 et
1923 3170 2168 3237 formae
2212 3169 2599 3264 simillimae;

221 3345 226 3351 .
312 3280 429 3350 sed
486 3303 568 3348 eo
611 3271 650 3348 a
694 3279 1022 3370 particulis
1069 3291 1137 3348 et
1180 3278 1497 3348 adverbiis
1546 3282 1777 3350 ceteris
1821 3282 2192 3366 distinctae,
2252 3282 2428 3372 quod
2470 3306 2598 3351 usu

310 3417 566 3483 semper
605 3392 688 3460 ad
732 3416 962 3461 nomen
1003 3403 1252 3462 tantum
1293 3394 1582 3484 proxime
1618 3418 1893 3485 sequens
1924 3397 2153 3464 referri
2178 3397 2369 3485 eique
2396 3396 2593 3488 jungi

311 3518 596 3600 possunt.
714 3507 957 3573 Forma
1018 3507 1222 3575 varia·
1291 3507 1371 3595 1)
1427 3509 1859 3598 antiquissima
1928 3510 2058 3578 duo
2132 3526 2596 3582 consonantem

314 3669 593 3738 ultimam
650 3666 850 3734 vocali
903 3665 1332 3755 praecedente
1392 3666 1530 3734 sine
1570 3668 1767 3736 vocali
1810 3671 2118 3743 efferunt:
2164 3681 2257 3752 ὁ·
2299 3701 2421 3756 ex,
2488 3688 2597 3761 0⁸

2095 3822 2232 3857 ,02

312 3901 378 3943 a.
491 3872 795 3943 Similiter
849 3872 1053 3941 vocali
1111 3896 1158 3938 a
1201 3885 1268 3942 et
1308 3898 1359 3940 u
1400 3877 1753 3943 fluctuante
1794 3818 1940 3956 ὁὸ]
1973 3888 2043 3947 et
2082 3871 2220 3961 ὁδὶ
2266 3879 2465 3970 apud
2494 3878 2593 3962 ¹),

432 4207 493 4276 1)
529 4208 678 4261 radix
725 4214 872 4263 notat
924 4207 1172 4269 haerere,
1226 4210 1294 4264 cf.
1334 4171 1538 4294 ἐξὲξ
1562 4214 1779 4272 morari,
1872 4216 2015 4271 Malo
2048 4215 2165 4270 alib
2198 4230 2269 4268 ex
2305 4158 2473 4306 ἑῷ
2514 4213 2600 4264 ad

536 4359 729 4396 manus
761 4346 1036 4401 derivatur.
2447 4306 2469 4320 ρ
