2675 4692
318 352 464 423 180
769 334 887 405 De
939 358 1203 431 genere
1249 346 1323 405 et
1374 359 1682 408 numero
1736 335 2136 405 nominum.

311 517 777 588 ‘multitudinem
839 518 1242 605 grammatici
1298 540 1337 583 e
1403 517 1538 585 sola
1595 519 1854 584 externa
1912 516 2118 581 forma
2160 522 2225 579 et
2266 511 2571 600 disposue-

314 647 464 702 runt
524 645 589 701 et
646 631 1156 721 descripserunt,
1222 631 1420 699 multa
1477 653 1551 696 re
1606 630 1744 718 ipsa
1799 629 2002 695 vicina
2065 640 2130 695 et
2183 630 2311 692 una
2350 650 2426 692 ex
2464 626 2572 690 ori-

316 748 470 836 gine
530 744 812 812 derivata
871 757 1113 812 temere
1174 744 1569 823 diffluentes,
1631 742 1716 808 de
1778 743 2059 809 omnium
2116 741 2366 830 origine
2424 751 2485 808 et
2521 741 2573 806 vi

316 860 473 927 nihil
514 860 674 926 certi
713 858 1193 948 praecipientes.
1321 859 1468 924 Nec
1520 868 1734 925 tamen
1792 856 2033 924 temere
2096 878 2361 945 prorsus
2415 856 2574 943 ipsae

313 975 441 1041 hac
499 974 744 1042 formae
802 984 989 1038 natae
1032 984 1180 1040 sunt
1222 971 1545 1061 multaque
1592 994 1759 1059 quae
1801 972 2058 1059 longius
2100 969 2342 1036 distare
2381 966 2576 1033 viden-

314 1100 421 1155 tur
483 1086 581 1153 vel
640 1084 934 1173 dispersa
994 1098 1060 1154 et
1121 1084 1372 1152 diversa
1439 1086 1611 1151 facta
1664 1096 1844 1166 sunt,
1927 1087 2045 1152 sua
2097 1106 2178 1149 ex
2236 1082 2478 1170 origiue
2520 1089 2578 1145 et

315 1222 487 1266 nexu
530 1198 935 1265 considerata
980 1197 1318 1265 dilucidius
1363 1198 1578 1264 nitent.

183 1383 292 1431 303
359 1414 388 1435 x.
481 1371 604 1438 Est
665 1381 878 1437 autem
940 1368 1248 1437 collectivi
1301 1370 1599 1437 formatio
1642 1370 1942 1458 princeps
1987 1381 2052 1436 et
2092 1369 2366 1436 maxime
2403 1368 2576 1455 insig-

317 1486 414 1552 nis
459 1494 780 1572 acutaque
822 1483 1007 1564 baec,
1050 1494 1123 1551 ut
1166 1484 1348 1572 stirpi
1390 1487 1431 1550 a
1469 1483 1905 1570 longissimum
1935 1482 2272 1563 inseratur,
2316 1485 2439 1572 qua
2462 1482 2580 1570 ipsa

316 1597 488 1664 vocis
543 1595 897 1662 intensione
946 1598 1344 1686 nominisque
1389 1596 1757 1665 diductione
1799 1596 2036 1685 copiae
2076 1607 2385 1664 extensae
2424 1594 2578 1661 notio

313 1710 573 1777 auribus
616 1708 802 1776 veluti
841 1713 1227 1796 praebetur3
1269 1721 1615 1799 potestque
1656 1709 1840 1778 simul
1886 1719 1953 1775 et
1994 1724 2032 1775 ἅ
2074 1711 2157 1776 ab
2200 1709 2381 1777 initio
2413 1730 2581 1796 prae-

313 1822 568 1904 ludere,
647 1822 745 1888 vel
799 1820 1074 1911 denique
1129 1821 1334 1888 solum
1375 1825 1668 1911 praefigi.
1780 1823 2031 1910 Estque
2076 1822 2244 1888 haec
2286 1821 2512 1888 vocalis
2548 1821 2582 1885 a

314 1949 464 2025 post
506 1934 858 2003 secundam
904 1936 1112 2023 stirpis
1155 1935 1402 2002 literam
1444 1937 1705 2005 insertio
1751 1948 1888 2005 tum
1935 1936 1999 2001 in
2038 1936 2344 2024 stirpibus
2383 1934 2583 2002 trilite-

315 2051 402 2116 ris
437 2049 944 2137 frequentissima
963 2099 983 2131 ‚
1024 2059 1161 2116 tum
1189 2049 1254 2113 in
1284 2048 1559 2137 plurium
1600 2049 2082 2118 consonantium
2123 2049 2424 2138 stirpibus
2464 2045 2585 2112 sola

314 2164 580 2242 usitata,
626 2173 700 2229 ut
736 2162 967 2228 nullam
999 2164 1252 2228 omnino
1284 2162 1555 2256 sormam
1581 2163 1771 2231 latius
1788 2183 2067 2249 regnare
2089 2160 2305 2229 videas
2332 2160 2419 2250 ¹).
2464 2157 2584 2226 Sed

309 2275 375 2341 in
414 2275 607 2361 trium
650 2277 1136 2342 consonantium
1184 2275 1484 2363 stirpibus
1506 2324 1526 2353 ‚
1590 2297 1757 2363 quae
1800 2285 1866 2341 et
1906 2274 2299 2362 potissimam
2341 2275 2585 2362 linguae

309 2399 559 2479 partem
627 2388 912 2455 efficiunt
954 2399 1020 2455 et
1074 2388 1487 2456 variationem
1528 2386 1837 2454 vocalium
1882 2409 1961 2452 ac
2004 2364 2357 2452 formarum
2403 2384 2586 2452 maxi·

308 2525 479 2567 mam
535 2513 606 2570 et
661 2501 1019 2573 facillimam
1073 2500 1345 2582 habent,
1422 2500 1607 2589 juxta
1666 2501 1833 2567 hanc
1881 2499 2094 2588 plures
2143 2507 2588 2567 succreverunt

309 2614 618 2681 collectivi
658 2614 1088 2681 formationes.
1177 2614 1349 2679 Nam
1387 2615 1659 2702 primum
1698 2612 1901 2679 vocali
1936 2613 2038 2681 isti
2072 2612 2313 2700 longae
2353 2617 2393 2680 a
2439 2613 2589 2680 aliae

309 2726 607 2794 substitui
666 2738 1057 2815 coeperunt3
1123 2748 1376 2816 usuque
1434 2726 1501 2793 in
1560 2727 1658 2794 his
1703 2725 1958 2794 invaluit
1998 2748 2258 2815 quoque
2298 2724 2587 2815 simplicis

309 2862 357 2903 a
422 2839 599 2928 stirpi
654 2839 989 2928 praemissi
1048 2839 1344 2909 formatio
1401 2839 1599 2907 levior
1659 2838 1947 2929 aliaeque
2008 2839 2317 2908 collectivi
2379 2861 2497 2929 per
2545 2860 2593 2901 a

309 2951 626 3019 formandi
667 2954 944 3020 rationes
986 2952 1270 3020 leviores.
1371 2952 1624 3019 Deinde
1668 2974 1815 3018 cum
1856 2952 2070 3041 plures
2115 2954 2449 3020 nominum
2484 2950 2588 3019 tri·

307 3063 631 3132 literarum
714 3066 951 3155 stirpes
1017 3066 1219 3133 vocali
1300 3077 1412 3135 aut
1478 3067 1843 3155 praeposita
1912 3078 2023 3134 aut
2082 3067 2282 3155 longa
2360 3066 2591 3133 inserti

311 3177 651 3247 distinctae
704 3179 857 3260 sint,
922 3181 1017 3247 sic
1063 3204 1180 3247 eae
1223 3179 1693 3247 collectivorum
1738 3179 2009 3245 formam
2049 3178 2399 3251 induerunt
2440 3178 2588 3245 saci·

307 3290 432 3357 lem
486 3302 553 3360 et
611 3294 967 3375 concisam,
1036 3304 1108 3359 ut
1148 3292 1677 3382 pronunciatione
1724 3291 2032 3358 vocalium
2074 3294 2291 3359 leviori
2334 3292 2455 3361 sed
2497 3289 2587 3356 di-

309 3405 537 3474 stincta
579 3417 646 3475 et
684 3411 871 3476 acuta
912 3406 996 3473 ad
1034 3407 1203 3475 solas
1244 3404 1557 3472 radicales
1600 3416 1997 3473 revocentur.
2096 3407 2381 3495 Ipsaque
2423 3402 2587 3471 radi·

311 3540 458 3585 cum
516 3518 817 3586 debilium
864 3532 1089 3589 natura
1135 3510 1350 3609 plur'cs
1396 3519 1610 3587 enasci
1653 3519 1809 3586 facit
1852 3518 2088 3587 formas
2132 3520 2417 3588 diversas
2448 3517 2586 3611 ‚cui-

309 3655 437 3720 que
470 3656 693 3699 eorum
734 3635 962 3721 generi
998 3647 1199 3722 aptas.

177 3818 287 3868 304
479 3805 728 3873 Omnes
795 3827 989 3895 porro
1049 3775 1522 3873 collectivorum
1585 3805 1830 3871 formae
1886 3798 2234 3870 abstracti
2271 3807 2591 3873 notionem

312 3929 567 3999 tenent,
610 3931 684 3987 ut
727 3922 979 3985 omnino
1023 3920 1327 3988 abstracti
1361 3933 1428 3989 et
1469 3918 1773 3986 collectivi
1816 3918 2106 3986 notiones
2148 3928 2297 3986 sunt
2339 3930 2593 3986 conter-

309 4030 518 4097 minae
563 4028 663 4122 (ἕ.
690 4030 1209 4124 323).1taque
1247 4032 1584 4120 feminini
1622 4053 1840 4098 omnes
1878 4042 2028 4101 sunt
2067 4054 2288 4100 sensus
2330 4044 2403 4099 et
2442 4053 2594 4098 con·

412 4283 473 4351 1)
517 4283 656 4337 idem
707 4300 775 4338 ex
825 4287 1112 4358 aethiopici
1151 4292 1324 4357 lingua
1361 4292 1555 4345 collata
1594 4299 1739 4358 putet
1758 4330 1774 4357 ‚
1828 4292 1880 4344 in
1918 4294 2022 4359 qua
2057 4288 2310 4345 collectivi
2348 4289 2596 4343 formatio

512 4374 791 4453 simplicior
827 4381 1027 4432 mansit.
