2675 4692
935 303 1472 400 Prolegomenm
2219 315 2317 390 15

22 512 25 579 j
92 490 325 558 uernis
370 486 751 576 scripturam
789 486 1221 555 dilucidiorem
1260 486 1603 557 reddituris
1640 489 2140 577 pronunciationi
2172 512 2318 558 siw—

87 603 442 671 currendum
488 626 632 670 esse
677 600 966 669 viderunt
1003 602 1245 668 Arabes
1262 652 1280 681 ‚
1336 612 1812 691 coeperuntque
1851 603 2172 691 paullatim
2209 627 2318 670 vo-

86 718 277 785 calium
354 718 543 805 signa
614 715 911 805 adjicere.
1035 715 1183 788 Quo
1240 715 1596 801 scripturae
1650 716 1846 803 signis
1889 717 2163 784 externis
2197 739 2319 783 ex-

84 831 407 920 planandae
448 828 658 896 studio
702 827 887 895 latius
928 838 1226 914 serpente
1263 828 1352 895 ibi
1406 848 1662 917 quoque
1704 829 2076 918 scripturam
2117 830 2319 917 signis

82 944 323 1013 externis
385 942 640 1009 lectioni
695 943 941 1030 probae
982 939 1290 1028 adaptare
1334 952 1714 1029 coeperunt,
1780 943 1886 1007 ubi
1928 965 2007 1008 ea
2049 943 2318 1032 antiqui-

83 1059 203 1125 tatis
259 1078 558 1122 normam
613 1050 859 1120 fidelius
915 1076 1186 1141 sequens
1242 1053 1742 1140 pronunciationi
1799 1055 2000 1122 serius
2053 1055 2322 1123 invales-

84 1173 227 1238 centi
276 1170 460 1237 haud
526 1171 697 1235 bene
750 1164 1081 1252 respondit
1145 1166 1178 1251 (
1195 1162 1259 1255 §.
1306 1165 1460 1254 24).
1586 1169 1796 1256 Atque
1827 1169 1943 1245 -ita
2001 1166 2322 1256 paullatim

83 1284 412 1352 scribarum
472 1292 541 1349 et
592 1278 1156 1368 grammaticorum
1209 1278 1486 1346 sollertia
1539 1302 1813 1368 magnus
1872 1278 2172 1347 inductus
2228 1293 2327 1348 est

83 1396 387 1483 signorum
450 1394 539 1462 ad
579 1393 917 1463 lectionem
973 1392 1327 1483 scripturae
1376 1393 1674 1484 antiquae
1715 1394 1945 1463 bonam
1977 1391 2323 1484 juvandam
2429 1400 2440 1411 “

79 1530 371 1576 numus.

220 1648 411 1723 Quae
472 1666 637 1711 nova
701 1643 1059 1731 scripturae
1119 1641 1324 1708 forma
1383 1663 1467 1708 ne
1520 1642 1585 1710 in
1637 1643 1884 1711 Korani
1943 1644 2324 1733 exemplaria
2364 1660 2437 1709 22

86 1773 279 1829 contra
325 1758 693 1850 prophetae
733 1755 1250 1843 Chalifarumque
1289 1753 1570 1842 priorum
1613 1768 1681 1824 et
1732 1778 1974 1824 morem
2015 1769 2081 1826 et
2120 1759 2323 1825 scien-

87 1877 213 1940 tim
262 1871 636 1940 introducta
696 1868 1136 1950 invalesceret,
1205 1866 1381 1935 multi
1437 1869 1692 1957 quidem
1731 1871 2022 1938 Moslemi
2082 1874 2323 1939 intento

92 1987 269 2053 studio
332 1982 656 2072 impedire
710 1983 925 2049 conati
977 1991 1157 2063 sunt3
1235 1980 1353 2048 sed
1413 1980 1545 2049 aliis
1609 1985 2120 2071 superstitionem
2183 2007 2327 2051 eam

92 2101 164 2165 tel
218 2097 725 2188 impnobantibus
786 2093 884 2162 vel
938 2094 1375 2181 mitigantibus
1429 2094 1492 2159 in
1557 2095 2016 2184 exemplaribus
2057 2097 2326 2164 Korani

88 2235 407 2300 puerorum
487 2209 589 2275 vel
660 2205 1145 2294 peregrinorum
1212 2201 1584 2274 institutioni
1657 2219 1722 2275 et
1790 2210 1933 2277 usui
2002 2209 2326 2277 destinatis

86 2326 246 2411 §gna
283 2324 467 2390 haec'
497 2319 815 2409 paullatim
860 2318 1311 2386 increbuerunt
1356 2318 1444 2404 ¹).
1543 2320 1778 2387 Colore
1821 2333 2033 2390 tamen
2078 2323 2326 2391 diverso

22 2498 23 2525 ἶ
86 2436 499 2504 additamenta
552 2433 716 2499 haec
759 2431 1152 2520 distinguere
1193 2432 1394 2499 visum
1438 2444 1566 2515 est3
1633 2433 1942 2502 vocalium
1985 2437 2328 2526 praecipue
2413 2468 2418 2478 ·

22 2606 23 2639 ¹
84 2550 250 2637 signa
286 2550 524 2626 rubro,
588 2544 914 2611 diacritica
953 2555 1092 2611 atro
1137 2540 1351 2610 colore
1392 2545 1579 2632 paulo
1622 2547 1964 2635 pallidiore.
2075 2549 2329 2615 Deinde

22 2666 395 2749 signorum
437 2660 548 2725 hic
606 2681 760 2725 usus
812 2659 876 2724 in
918 2638 1206 2723 omnibus
1246 2658 1523 2725 Koranis
1579 2658 1940 2746 diligentius
1982 2652 2330 2729 sciibendis

85 2788 141 2844 ά
203 2773 609 2849 exactissime
674 2770 960 2859 legendis
1012 2769 1282 2837 invaluit.
1368 2770 1475 2837 Ιιι
1539 2774 1768 2840 ceteris
1819 2787 2030 2842 autem
2082 2776 2331 2865 seriptis

86 2891 264 2978 signis
340 2889 440 2955 his
512 2884 752 2975 optime
817 2905 1009 2973 posse
1067 2882 1269 2949 careni
1323 2883 1488 2951 viros
1545 2885 1709 2953 inter
1769 2886 2052 2975 linguam
2130 2891 2331 2977 probe

22 3028 25 3087 ι
86 3002 370 3083 edoctos,
412 3000 627 3089 opinio
670 2998 899 3064 mansit
938 3018 1203 3083 semper,
1228 2997 1785 3079 constansyunde
1820 3001 2069 3066 scribae
2105 3002 2180 3068 iis
2223 3012 2332 3070 aut

22 3100 25 3207 J
86 3117 323 3183 οωιίιιο
384 3113 828 3181 abstinuerunt
884 3122 995 3177 aut
1046 3109 1361 3176 rarissime
1413 3110 1502 3176 ibi
1558 3113 1657 3195 usi
1710 3124 1887 3193 sunt,
1956 3115 2065 3181 ubi
2121 3115 2332 3183 sensui

22 3216 23 3223 ἵ
87 3232 347 3298 obscuro
412 3238 480 3294 et
534 3226 840 3314 ambiguo
897 3208 1281 3292 succurrere·
1326 3223 1595 3289 maxime
1658 3224 1976 3293 videretur
2036 3249 2331 3294 necessa-

82 3345 244 3411 rium.
366 3341 445 3409 In
516 3339 830 3428 poematis
888 3335 1344 3403 difficilioribus
1401 3339 1964 3424 grammaticorum
2023 3337 2332 3408 industria

88 3456 405 3546 descriptis
462 3467 534 3522 et
586 3451 904 3519 illustratis
962 3450 1350 3539 frequentior
1390 3450 1597 3519 sactus
1625 3463 1736 3539 *est
1777 3452 2103 3538 signorum
2145 3476 2334 3537 usus;

86 3569 139 3635 in
188 3568 470 3660 epistolis
513 3577 728 3634 autem
770 3564 1061 3651 vitaeque
1105 3561 1384 3650 vulgaris
1436 3564 1879 3652 scriptionibus
1934 3567 1988 3634 is
2033 3590 2162 3633 non
2217 3569 2332 3635 mi-

92 3704 189 3752 uus
240 3682 643 3751 necessarius
708 3678 877 3745 visus
934 3685 1033 3743 est
1074 3697 1264 3764 quam
1306 3676 1371 3741 in
1411 3680 1833 3746 monumentis
1872 3682 2138 3768 publicis
2174 3682 2333 3749 anti·

90 3819 233 3883 quae
281 3819 477 3885 quam
532 3815 691 3883 prae
746 3814 819 3858 se
875 3789 1123 3867 serunt,
1187 3787 1430 3873 formae
1490 3800 1558 3858 et
1622 3790 1916 3880 dignitati
1967 3794 2140 3863 haud
2180 3818 2333 3862 con-

91 3931 291 3994 gruus.
402 3909 658 3974 Puncta
717 3915 930 3971 tamen
970 3901 1293 3967 literarum
1336 3900 1693 3984 diacritica‚
1766 3917 1837 3975 ut
1877 3919 2026 3974 sunt
2075 3929 2148 3977 re
2196 3909 2335 3997 ipsa

94 4023 405 4107 graviora,
464 4020 571 4086 hic
619 4017 744 4084 illic
804 4015 1171 4082 adscribere
1232 4014 1438 4101 magis
1497 4015 1696 4082 visum
1754 4031 1852 4085 est
1892 4020 2333 4087 necessarium.

94 4133 361 4223 Fertque
430 4132 683 4199 omnino
755 4130 1081 4217 signorum
1152 4126 1335 4216 hujus
1398 4130 1654 4214 generis
1711 4142 1972 4212 natura,
2049 4144 2122 4201 ut
2180 4156 2335 4200 usus

156 4354 211 4421 l)
264 4373 316 4407 v.
358 4314 634 4406 memoires
667 4351 700 4402 1.
732 4367 779 4402 e.
815 4366 867 4416 p.
889 4350 992 4400 ³41
1028 4363 1140 4415 sqq.
1228 4347 1443 4400 Notices
1480 4354 1535 4399 et
1567 4346 1717 4400 Extr.
1754 4346 1818 4397 T.
1839 4349 1890 4395 8.
1931 4362 1978 4412 p.
2002 4350 2122 4398 308.

2531 1700 2556 1775 ἰ
